2725 4350
356 433 421 585 cqc
466 487 468 492 ’
522 495 604 564 DE
646 480 998 600 oRnToRE

287 671 339 738 363
358 675 434 750 deo,
456 671 573 755 partim
590 669 816 755 comprobeffe.
860 669 983 754 Neque
998 695 1041 739 eo
1058 671 1151 742 minos

355 788 572 867 eloquentiam
585 799 695 864 tuam,
719 784 752 849 dr
766 784 870 849 musto
886 785 997 868 magis
1014 789 1153 854 virtutem

357 901 392 966 dr
406 901 601 982 diligentiam
616 900 767 974 admiror,
790 896 822 961 dr
840 894 934 962 fimus
947 901 1095 981 gaudeo,
1112 902 1154 986 jn·

356 1014 475 1079 dicium
492 1013 590 1077 animi
604 1013 665 1076 mei
682 1010 904 1093 comprobari,
926 1013 1027 1093 quod
1043 1015 1154 1098 semper

356 1128 460 1200 statui,
483 1126 642 1191 neminem
652 1124 810 1208 sapientiae
819 1123 1157 1216 sandem&eloqnen·

356 1242 412 1306 siae
427 1239 491 1303 sine
504 1241 623 1304 summo
638 1237 752 1315 studio,
768 1237 800 1302 de
811 1239 934 1317 labore,
958 1238 997 1305 dr
1009 1241 1156 1320 docimo,

357 1355 507 1437 consequi
527 1353 622 1432 posse.
668 1347 730 1414 Sed
747 1359 854 1415 tameo
872 1354 1041 1433 quidnam
1059 1355 1157 1432 estid,

357 1471 443 1554 quod
465 1466 584 1542 dixisti,
607 1464 694 1541 sore,
718 1471 757 1527 ut
776 1463 835 1528 tibi
850 1464 1120 1548 ignosceremus,
1138 1465 1158 1532 fi

359 1578 590 1662 cognossemus‚
612 1596 687 1659 qnae
700 1583 734 1640 te
749 1574 840 1638 cause
852 1575 886 1638 in
899 1575 1092 1648 sermonem
1106 1584 1158 1648 sm·
1189 1665 1192 1672 Ι

356 1690 509 1777 posidet?
532 1690 615 1765 Quae
628 1689 671 1753 est
686 1688 772 1752 enim
786 1688 847 1751 alin
863 1690 985 1769 causa,
1010 1693 1071 1759 nisi
1085 1696 1160 1780 qnod

356 1807 462 1882 nobis,
485 1803 516 1868 δι
533 1803 646 1866 horum
661 1799 911 1880 adolescentium
921 1802 1050 1886 studio,
1066 1810 1161 1892 'quite

358 1915 560 1984 attentissime
576 1915 764 1988 andierunt,
788 1932 911 1978 morem
928 1937 1053 2000 gerere
1068 1923 1162 1988 volui.

177 2101 183 2108 ,
290 2027 344 2100 361
359 2031 422 2099 sti?
444 2030 528 2095 Tum
544 2031 615 2104 isse,
641 2028 801 2103 Adimere,
823 2026 944 2109 inquit,
971 2051 1163 2100 omnemre·

358 2147 551 2212 cusationem
575 2140 679 2208 Crasso
702 2140 788 2203 volui
803 2186 813 2218 ,
846 2160 945 2223 quem
971 2168 1039 2230 ego
1064 2151 1162 2233 pnnsso

356 2261 510 2334 sciebam,
534 2257 584 2319 vel
600 2255 790 2336 pudentius,
814 2255 864 2318 v‘ei
880 2256 1046 2339 invisius,
1072 2264 1162 2344 (nolo

358 2375 443 2439 enim
455 2375 559 2435 dicere
573 2374 610 2430 de
625 2380 687 2429 rom
706 2369 789 2430 suavi
799 2368 1162 2458 hominesastidiosrus,)

358 2491 397 2550 ad
414 2488 475 2548 hoc
491 2503 591 2550 oenus
608 2482 756 2542 sermonis
771 2484 936 2545 accedere.
976 2487 1070 2563 Quid
1084 2491 1161 2554 enim

356 2599 476 2682 poteris
494 2594 626 2659 dicere?
648 2595 839 2656 consularem
862 2594 892 2657 se
912 2595 980 2662 effe
1000 2602 1162 2665 hominem

359 2711 393 2774 dr
411 2708 612 2771 censorium?
634 2712 742 2769 eadem
763 2707 865 2769 nosrta
888 2711 1070 2779 causaest.
1115 2716 1161 2778 An

360 2835 487 2887 aeratem
505 2818 638 2881 asseret?
662 2820 871 2896 quadriennio
887 2823 1003 2886 minor
1018 2828 1077 2892 est.
1114 2829 1162 2891 An

358 2938 390 3002 se
404 2934 546 2998 nescire?
578 2953 648 3010 qoae
665 2927 724 3011 ego
744 2934 831 3007 sero,
854 2951 929 3011 quae
947 2939 1071 3003 cursim
1089 2942 1163 3005 arri·

358 3053 432 3132 poi,
456 3066 527 3129 quoe
541 3045 697 3109 subficrvls
713 3047 835 3126 operis,
859 3042 915 3123 (ut
931 3048 1064 3137 ajunt,)
1079 3054 1163 3119 istea

357 3181 476 3245 puero,
509 3162 628 3221 summo
652 3159 772 3233 studio,
803 3157 933 3221 sommis
961 3164 1166 3232 dostoribur·

358 3274 446 3340 Nihil
468 3275 566 3336 dicam
587 3276 626 3335 de
647 3273 794 3350 ingenio,
819 3271 869 3332 cui
893 3291 952 3351 par
969 3297 1076 3343 nemo
1095 3266 1189 3346 suits

358 3392 475 3451 etenim
491 3409 541 3448 me
557 3387 713 3448 direnrem
728 3385 783 3462 qui
797 3386 955 3463 audierit,
980 3408 1086 3457 nemo
1100 3416 1167 3458 um.

360 3520 453 3582 quam
476 3516 540 3561 ram
562 3500 607 3559 sui
625 3499 795 3571 despiciens
816 3498 895 3567 fuis,
921 3501 1005 3581 quin
1029 3506 1168 3583 speraret

360 3623 417 3678 eut
429 3615 555 3697 melius,
579 3620 635 3675 aut
650 3612 875 3677 eodemmodo
890 3610 921 3676 se
933 3614 1025 3696 poss'e
1044 3622 1166 3687 dicere:

1017 3730 1134 3798 Crasso
1191 3794 1194 3799 .
