2725 4350
450 485 773 554 urrunnun·-
916 487 1006 572 ,265

209 666 396 749 ¹uidenturu
410 662 487 728 viris
500 664 639 728 fortibus
652 659 718 726 fine
734 660 953 727 emolumento
963 679 1007 725 ue

210 778 364 864 praemio:
388 796 460 859 quae
476 797 551 841 vero
566 778 662 840 etium
674 795 750 840 cum
760 773 909 839 labore&
922 775 1008 856 peri.-
1042 756 1048 768 ¹

212 891 442 973 culoipsorum,
466 891 535 956 haec
545 869 665 954 habdnt
676 890 869 972 uberrimam
882 889 1007 970 copiam
1060 917 1070 934 -·

215 1008 256 1069 ed
271 1006 484 1078 laudandum
509 1004 595 1086 quod
611 1002 644 1067 dr
657 1004 720 1068 dlri
733 998 924 1066 ornatiffime
937 1000 1008 1085 pus·

214 1117 306 1193 sunt,
329 1116 362 1181 dr
376 1116 670 1194 audirifacillime„
699 1114 853 1207 Etenim
870 1114 1009 1197 denique

213 1228 399 1297 virtus-elie
420 1230 551 1293 videtur.
568 1228 747 1311 praeltantis
769 1228 942 1311 viri,‘quae
963 1226 1010 1293 est

215 1342 475 1420 fruituosaaliis,
496 1340 856 1424 ipfiuutemlaburlusa,
880 1350 938 1406 eut
953 1362 1011 1424 pe·

218 1455 369 1531 riculose,
391 1465 448 1519 eut
470 1463 556 1520 certe
575 1457 727 1537 gratuita.
772 1455 888 1536 Magna
910 1454 1010 1518 etiam

217 1569 272 1635 ille
291 1571 362 1633 laus
384 1567 418 1633 dr
440 1568 635 1632 admlrabilis
654 1570 755 1633 videri
774 1569 878 1644 solet,
905 1566 1011 1633 tulisse

187 1739 191 1745 ,
219 1683 308 1746 celus
327 1682 482 1764 sapienter
500 1666 645 1745 adversos
657 1713 671 1757 ,·
697 1701 761 1744 non
787 1678 924 1746 inustum
947 1679 1011 1746 effe

216 1798 366 1870 fortuna,
396 1791 555 1858 retinuisse
574 1793 609 1860 in
625 1793 721 1857 rebus
740 1794 854 1877 asperis
874 1796 1012 1877 dignitu-

175 1983 179 1990 ,
218 1917 297 1973 tem.
343 1904 456 1987 Neque
470 1913 578 1969 tamen
593 1905 649 1967 illa
665 1924 730 1970 nou
749 1915 882 1999 eruant,
913 1907 1014 1972 habiti
1026 1908 1078 1968 341

218 2024 373 2093 honores,
397 2018 527 2082 decreta
539 2017 665 2081 virtutis
677 2019 819 2097 praemie,
842 2037 891 2082 ree
906 2018 1013 2099 geilae,

219 2132 346 2216 judiciis
371 2131 541 2194 hominum
558 2130 808 2214 -comprobataer
838 2129 1014 2214 inquibus
1052 2127 1055 2132 ’

221 2248 319 2314 etium
338 2245 521 2309 felicitatem
542 2243 663 2327 ipsam,
696 2245 830 2307 deorum
850 2244 1016 2308 immorta-

221 2362 302 2428 lium
315 2357 434 2439 judicio
448 2358 561 2431 tribui,
582 2356 775 2429 laudationis
789 2357 845 2423 est.
878 2355 1016 2422 Sumen·
1068 2388 1072 2393 -

221 2476 271 2537 dae
287 2478 394 2535 autem
413 2491 463 2534 res
477 2480 574 2534 erunt
589 2471 644 2533 eut
656 2471 874 2551 magnitudine
888 2458 1018 2554 praellu·

221 2586 320 2661 biles,
343 2591 402 2648 aut
421 2584 565 2648 novitate
587 2583 716 2665 primae,
740 2592 796 2647 aut
814 2603 930 2664 genere
950 2583 1018 2669 ipio

222 2697 408 2780 fingularee.
438 2695 643 2778 nequeenim
659 2680 778 2780 pervae,
800 2717 907 2780 neque
923 2695 1018 2760 ufita·

221 2821 277 2885 ter,
301 2800 405 2891 neque
419 2811 575 2892 vulgares,
597 2809 818 2885 admitatione‚
841 2818 899 2875 aut
914 2812 1019 2902 omni·

222 2943 266 2987 no
280 2923 377 2986 laude
393 2923 497 3003 dignae
511 2920 612 2986 videri
624 2923 736 2986 solent.
758 2920 813 2985 Est
828 2924 1016 2988 etiam-cum
1032 2930 1084 2994 348

221 3035 339 3098 ceteris
354 3033 575 3116 prestantibus
589 3033 666 3098 viris
681 3035 876 3116 comparatio
897 3036 931 3098 in
947 3036 1020 3100 lau·-
1080 3078 1086 3087 ·

222 3148 352 3213 datione
365 3146 530 3230 ptaeclarn.
574 3149 628 3212 De
639 3167 701 3230 quu
710 3166 827 3229 genere
835 3138 961 3211 libitum
974 3146 1031 3229 est¹
1135 3223 1144 3231 ¹

222 3262 302 3328 mihi
314 3259 420 3343 paullo
437 3259 539 3342 plura,
561 3276 658 3341 quam
670 3259 878 3337 ostenderam,
899 3257 1018 3337 dicere,
1066 3297 1069 3302 ·

222 3395 288 3437 non
306 3382 374 3436 tam
391 3381 521 3455 propter
539 3363 632 3437 usum
653 3370 828 3449 loreulem,
855 3372 911 3456 qul
930 3371 976 3437 est
998 3393 1019 3437 ι

223 3505 276 3546 me
285 3477 323 3546 in
337 3485 426 3548 omni
439 3483 659 3574 bariemone
671 3471 849 3562 trattetue,
871 3502 968 3567 quarn
982 3493 1026 3551 ut.

201 3596 204 3602 ’
224 3598 287 3663 hoc
301 3596 466 3680 videretis,
487 3592 1034 3697 fileudetioneee'llentiuureturiu
