2725 4350
357 510 461 576 μ,
532 481 997 551 uuonntonn

242 679 244 692 ·
368 672 406 728 ut
426 668 497 746 tute
519 662 628 750 paullo
644 657 856 725 ante'dixisti.
901 659 999 744 Quod
1019 652 1080 743 ego
1099 671 1163 726 nun

365 776 521 861 superbia,
544 794 649 857 neque
662 773 896 837 inhumanitate
908 760 1087 850 faciebant,
1098 761 1164 839 ne·

353 909 429 974 ·que
457 886 520 973 quo
544 897 602 951 tuo
619 886 720 950 studio
738 867 907 950 rettiffitno
927 894 1026 970 atque
1041 888 1162 971 optimu

324 1072 326 1075 ,
364 1024 430 1069 non
444 1001 714 1093 obsequiveltem,
733 1000 910 1082 praesertitn
925 1019 1001 1064 cum
1011 1008 1046 1064 te
1057 983 1159 1065 unum

363 1139 405 1182 ex
430 1116 578 1180 omnibus
597 1113 638 1177 ad
664 1113 835 1178 dicendum
857 1114 996 1190 maxime
1027 1123 1159 1191 natum,

363 1238 539 1311 aptumque
559 1224 757 1309 cognossem
794 1226 847 1290 sed
868 1208 1052 1291 mehercule
1074 1224 1161 1292 istius

350 1341 583 1425 'disputationis
597 1339 776 1416 insolentia,
799 1344 897 1423 atque
913 1358 1024 1426 earum
1039 1357 1158 1417 rerum,

193 1501 195 1505 .
293 1483 345 1532 ,ιω
362 1477 436 1541 quae
454 1452 544 1539 quati
560 1440 732 1516 traduntur
746 1451 781 1514 in
796 1460 885 1530 arte,
907 1438 1043 1518 inicitiu
1074 1453 1157 1519 Tum

362 1570 476 1643 Cotta,
500 1567 662 1642 Quoniam
678 1565 732 1641 id,
754 1566 841 1649 quod
856 1555 1085 1662 difficillitnum
1103 1588 1159 1633 nu·

239 1706 241 1710 ·
360 1684 410 1748 bis
428 1681 606 1755 videbatur,
629 1685 668 1743 ut
679 1678 810 1742 omnino
828 1678 926 1748 dehis
944 1680 1055 1757 rebus,
1072 1680 1165 1747 Crat.

359 1795 409 1871 se,
442 1777 628 1877 loquerere,
657 1789 788 1868 affeuuti
810 1790 934 1856 sumus:
966 1793 1007 1857 de
1034 1795 1157 1879 reliquo

357 1905 536 1992 jamnostra
545 1906 638 1987 culpa
653 1904 761 1981 fuerit,
771 1891 808 1966 ⁴ii
821 1912 866 1980 te,
876 1902 931 1967 niti
946 1907 1070 1985 omnia,
1085 1928 1155 1995 quae

356 1997 557 2106 percunttati
566 2019 702 2094 erimus,
724 2017 1155 2100 explicatis,.dimise'rin1ut.

358 2136 409 2202 De
421 2135 490 2212 his,
513 2111 629 2208 credo,
650 2131 764 2206 rebus,
786 2131 893 2214 inquit
908 2130 1054 2211 Craffus,
1077 2144 1114 2201 ut
1122 2117 1154 2199 iu
1180 2159 1182 2163 ·

288 2244 337 2328 i01
356 2249 553 2316 cretionibus
570 2245 662 2309 scribi
676 2243 772 2320 solet,
803 2265 978 2319 Qv1nvs
1007 2267 1153 2314 scinu

355 2381 652 2434 uouunonu
684 2355 781 2420 Tum
797 2357 869 2434 ille,
903 2357 1052 2444 Namque
1068 2362 1154 2445 quod

305 2502 311 2510 ·
355 2488 397 2544 tu
411 2497 476 2565 non
492 2473 630 2558 poteris,
662 2479 720 2534 aut
737 2471 879 2547 nescies,
913 2474 987 2556 quis
1010 2475 1152 2539 nostrum

222 2628 225 2635 ,
282 2586 292 2604 ⁸
353 2601 422 2655 tam
446 2588 614 2671 impudens
637 2584 700 2662 est,
740 2584 795 2667 qui
825 2585 856 2648 se
881 2585 960 2649 scire
984 2595 1041 2650 aut
1065 2587 1153 2670 poffe

353 2699 512 2786 postulet?
1019 2713 1020 2716 ’

277 2833 279 2836 ·
418 2815 491 2892 Jam
507 2832 603 2889 vero,
626 2811 683 2874 ista
697 2812 897 2889 conditione,
927 2815 1004 2878 dum
1017 2815 1098 2879 mihi
1114 2816 1151 2880 li·

353 2938 426 2994 ceat
439 2946 574 3012 negare,
603 2923 688 3008 posse
705 2928 790 3007 quod
808 2945 872 2988 non
891 2906 1003 3009 potero
1018 2974 1028 3006 ,
1051 2929 1087 2993 ὅ(
1104 2931 1151 2994 fa·

316 3035 330 3106 .'
352 3043 432 3120 teri,
455 3039 582 3108 'nescire
607 3041 693 3121 quod
718 3038 870 3115 nesciam,
908 3040 1003 3119 licet,
1044 3043 1149 3126 inquit

282 3174 333 3227 102
344 3155 489 3230 eratus,
511 3151 616 3219 'vestro
632 3151 788 3215 arbitratu
800 3142 1067 3234 percuntiemini.
1091 3156 1151 3219 At-

215 3332 236 3352 „
327 3255 433 3358 nne,
463 3266 569 3351 inquit
597 3263 778 3348 Sulpicius,
809 3266 871 3328 hoc
888 3267 1030 3348 primum
1044 3291 1084 3333 ex
1099 3264 1148 3345 te,

224 3448 227 3455 .
348 3388 389 3452 de
404 3403 467 3468 quo
487 3380 583 3444 modo
605 3377 770 3442 Antonius
786 3379 960 3460 ωψοΐυῐῐ,1
986 3383 1066 3464 quid
1083 3383 1149 3446 sen-

335 3472 428 3572 tias,
449 3492 650 3578 quaerimuse
672 3491 869 3554 existimesne
887 3501 989 3556 artem
1009 3496 1148 3577 aliquam

280 3649 283 3655 -
340 3608 409 3683 ,effe
427 3605 568 3675 dicendi.
623 3604 711 3681 Quid
732 3604 812 3668 mihi
829 3625 914 3670 nunc
936 3628 1011 3686 von,
1044 3608 1148 3692 inquit
