<?xml version="1.0" encoding="UTF-8"?>
<!DOCTYPE html PUBLIC "-//W3C//DTD XHTML 1.0 Transitional//EN"
    "http://www.w3.org/TR/xhtml1/DTD/xhtml1-transitional.dtd">
<html xmlns="http://www.w3.org/1999/xhtml" xml:lang="en" lang="en">
 <head>
  <title>
</title>
<meta http-equiv="Content-Type" content="text/html;charset=utf-8" />
  <meta name='ocr-system' content='tesseract 3.04.00' />
  <meta name='ocr-capabilities' content='ocr_page ocr_carea ocr_par ocr_line ocrx_word'/>
</head>
<body>
  <div class='ocr_page' id='page_1' title='image "./mtvlliiciceroni08cicegoog_0441.png"; bbox 0 0 2725 4350; ppageno 0'>
   <div class='ocr_carea' id='block_1_1' title="bbox 490 468 1081 614">
    <p class='ocr_par' dir='ltr' id='par_1_1' title="bbox 490 468 1081 614">
     <span class='ocr_line' id='line_1_1' title="bbox 490 468 1081 614; baseline 0.008 -24"><span class='ocrx_word' id='word_1_1' title='bbox 490 521 736 602; x_wconf 62' lang='lat' dir='ltr'>*LIBER</span> <span class='ocrx_word' id='word_1_2' title='bbox 777 524 810 595; x_wconf 82' lang='lat'><strong>1.</strong></span> <span class='ocrx_word' id='word_1_3' title='bbox 956 468 1081 614; x_wconf 55' lang='lat'><strong>⁸59¹</strong></span> 
     </span>
    </p>
   </div>
   <div class='ocr_carea' id='block_1_2' title="bbox 253 696 1173 3728">
    <p class='ocr_par' dir='ltr' id='par_1_2' title="bbox 253 696 1173 3728">
     <span class='ocr_line' id='line_1_2' title="bbox 259 696 1064 786; baseline 0.002 -20"><span class='ocrx_word' id='word_1_4' title='bbox 259 698 545 785; x_wconf 76' lang='lat' dir='ltr'><strong>interpretatione,</strong></span> <span class='ocrx_word' id='word_1_5' title='bbox 566 699 676 782; x_wconf 85' lang='lat' dir='ltr'><strong>inquo</strong></span> <span class='ocrx_word' id='word_1_6' title='bbox 695 707 751 764; x_wconf 83' lang='lat' dir='ltr'><strong>aut</strong></span> <span class='ocrx_word' id='word_1_7' title='bbox 767 696 917 781; x_wconf 80' lang='lat' dir='ltr'><strong>ambigue</strong></span> <span class='ocrx_word' id='word_1_8' title='bbox 934 701 1010 786; x_wconf 84' lang='lat' dir='ltr'><strong>quid</strong></span> <span class='ocrx_word' id='word_1_9' title='bbox 1023 697 1064 769; x_wconf 85' lang='lat' dir='ltr'><strong>fit</strong></span> 
     </span>
     <span class='ocr_line' id='line_1_3' title="bbox 258 812 1061 898; baseline -0.001 -19"><span class='ocrx_word' id='word_1_10' title='bbox 258 814 434 898; x_wconf 77' lang='lat' dir='ltr'><strong>scripturn,</strong></span> <span class='ocrx_word' id='word_1_11' title='bbox 455 820 515 878; x_wconf 77' lang='lat' dir='ltr'><strong>&#39;aot</strong></span> <span class='ocrx_word' id='word_1_12' title='bbox 527 814 707 890; x_wconf 73' lang='lat' dir='ltr'><strong>contrarie,</strong></span> <span class='ocrx_word' id='word_1_13' title='bbox 738 820 795 879; x_wconf 83' lang='lat' dir='ltr'><strong>aut</strong></span> <span class='ocrx_word' id='word_1_14' title='bbox 808 812 870 890; x_wconf 83' lang='lat' dir='ltr'><strong>ita,</strong></span> <span class='ocrx_word' id='word_1_15' title='bbox 900 820 940 876; x_wconf 90' lang='lat' dir='ltr'><strong>ut</strong></span> <span class='ocrx_word' id='word_1_16' title='bbox 954 831 975 877; x_wconf 81' lang='lat' dir='ltr'><strong>a</strong></span> <span class='ocrx_word' id='word_1_17' title='bbox 989 814 1061 878; x_wconf 88' lang='lat' dir='ltr'><strong>sen·</strong></span> 
     </span>
     <span class='ocr_line' id='line_1_4' title="bbox 257 924 1068 1013; baseline -0.001 -22"><span class='ocrx_word' id='word_1_18' title='bbox 257 926 531 1008; x_wconf 74' lang='lat' dir='ltr'><strong>tentiu&#39;scriptum</strong></span> <span class='ocrx_word' id='word_1_19' title='bbox 542 924 703 994; x_wconf 77' lang='lat' dir='ltr'><strong>diffideat:</strong></span> <span class='ocrx_word' id='word_1_20' title='bbox 717 926 776 1000; x_wconf 84' lang='lat' dir='ltr'><strong>¹his</strong></span> <span class='ocrx_word' id='word_1_21' title='bbox 788 931 900 990; x_wconf 82' lang='lat' dir='ltr'><strong>autem</strong></span> <span class='ocrx_word' id='word_1_22' title='bbox 913 927 1068 1013; x_wconf 27' lang='lat' dir='ltr'><strong>omnibus,</strong></span> 
     </span>
     <span class='ocr_line' id='line_1_5' title="bbox 259 1009 1132 1125; baseline -0.003 -22"><span class='ocrx_word' id='word_1_23' title='bbox 259 1040 408 1125; x_wconf 73' lang='lat' dir='ltr'><strong>partibus</strong></span> <span class='ocrx_word' id='word_1_24' title='bbox 438 1009 761 1122; x_wconf 50' lang='lat' dir='ltr'><strong>subiectatquaeaam</strong></span> <span class='ocrx_word' id='word_1_25' title='bbox 785 1037 850 1104; x_wconf 83' lang='lat' dir='ltr'><strong>effe</strong></span> <span class='ocrx_word' id='word_1_26' title='bbox 871 1048 1062 1123; x_wconf 80' lang='lat' dir='ltr'><strong>argumenta</strong></span> <span class='ocrx_word' id='word_1_27' title='bbox 1127 1033 1132 1100; x_wconf 72' lang='grc' dir='ltr'><strong><em>ῗ</em></strong></span> 
     </span>
     <span class='ocr_line' id='line_1_6' title="bbox 259 1148 1126 1237; baseline -0.003 -21"><span class='ocrx_word' id='word_1_28' title='bbox 259 1152 404 1237; x_wconf 85' lang='lat' dir='ltr'><strong>propria.</strong></span> <span class='ocrx_word' id='word_1_29' title='bbox 447 1148 510 1217; x_wconf 86' lang='lat' dir='ltr'><strong>Sed</strong></span> <span class='ocrx_word' id='word_1_30' title='bbox 534 1153 718 1228; x_wconf 84' lang='lat' dir='ltr'><strong>causarum,</strong></span> <span class='ocrx_word' id='word_1_31' title='bbox 750 1172 822 1236; x_wconf 86' lang='lat' dir='ltr'><strong>quae</strong></span> <span class='ocrx_word' id='word_1_32' title='bbox 844 1148 907 1219; x_wconf 86' lang='lat' dir='ltr'><strong>fiot&#39;</strong></span> <span class='ocrx_word' id='word_1_33' title='bbox 927 1167 947 1217; x_wconf 79' lang='lat' dir='ltr'><strong>a</strong></span> <span class='ocrx_word' id='word_1_34' title='bbox 970 1162 1126 1226; x_wconf 79' lang='lat' dir='ltr'><strong>com-141</strong></span> 
     </span>
     <span class='ocr_line' id='line_1_7' title="bbox 261 1258 1068 1352; baseline 0.002 -23"><span class='ocrx_word' id='word_1_35' title='bbox 261 1266 358 1330; x_wconf 89' lang='lat' dir='ltr'><strong>muni</strong></span> <span class='ocrx_word' id='word_1_36' title='bbox 374 1263 549 1349; x_wconf 74' lang='lat' dir='ltr'><strong>quastione</strong></span> <span class='ocrx_word' id='word_1_37' title='bbox 560 1263 726 1347; x_wconf 73' lang='lat' dir='ltr'><strong>sejuottae,</strong></span> <span class='ocrx_word' id='word_1_38' title='bbox 758 1265 875 1349; x_wconf 81' lang='lat' dir='ltr'><strong>purtim</strong></span> <span class='ocrx_word' id='word_1_39' title='bbox 888 1258 1068 1352; x_wconf 68' lang='lat' dir='ltr'><strong>in&#39;judiciin¹</strong></span> 
     </span>
     <span class='ocr_line' id='line_1_8' title="bbox 258 1376 1060 1462; baseline -0.001 -16"><span class='ocrx_word' id='word_1_40' title='bbox 258 1378 390 1456; x_wconf 82' lang='lat' dir='ltr'><strong>versari,</strong></span> <span class='ocrx_word' id='word_1_41' title='bbox 401 1380 518 1462; x_wconf 84' lang='lat' dir='ltr'><strong>partim</strong></span> <span class='ocrx_word' id='word_1_42' title='bbox 525 1379 558 1443; x_wconf 83' lang='lat' dir='ltr'><strong>ln</strong></span> <span class='ocrx_word' id='word_1_43' title='bbox 566 1378 864 1447; x_wconf 79' lang='lat' dir='ltr'><strong>deliberationibus:</strong></span> <span class='ocrx_word' id='word_1_44' title='bbox 886 1376 949 1447; x_wconf 80' lang='lat' dir='ltr'><strong>csse</strong></span> <span class='ocrx_word' id='word_1_45' title='bbox 962 1382 1060 1445; x_wconf 87' lang='lat' dir='ltr'><strong>etiam</strong></span> 
     </span>
     <span class='ocr_line' id='line_1_9' title="bbox 258 1491 1059 1578; baseline 0.002 -23"><span class='ocrx_word' id='word_1_46' title='bbox 258 1511 365 1574; x_wconf 80' lang='lat' dir='ltr'><strong>genus</strong></span> <span class='ocrx_word' id='word_1_47' title='bbox 381 1493 532 1570; x_wconf 86' lang='lat' dir='ltr'><strong>tertium,</strong></span> <span class='ocrx_word' id='word_1_48' title='bbox 563 1494 649 1578; x_wconf 88' lang='lat' dir='ltr'><strong>quod</strong></span> <span class='ocrx_word' id='word_1_49' title='bbox 661 1492 697 1558; x_wconf 91' lang='lat' dir='ltr'><strong>in</strong></span> <span class='ocrx_word' id='word_1_50' title='bbox 710 1491 879 1557; x_wconf 81' lang='lat' dir='ltr'><strong>laudandis</strong></span> <span class='ocrx_word' id='word_1_51' title='bbox 898 1500 957 1558; x_wconf 86' lang='lat' dir='ltr'><strong>aut</strong></span> <span class='ocrx_word' id='word_1_52' title='bbox 972 1494 1059 1557; x_wconf 89' lang='lat' dir='ltr'><strong>vitu·</strong></span> 
     </span>
     <span class='ocr_line' id='line_1_10' title="bbox 257 1603 1173 1692; baseline 0.005 -24"><span class='ocrx_word' id='word_1_53' title='bbox 257 1604 412 1690; x_wconf 74' lang='lat' dir='ltr'><strong>perendie</strong></span> <span class='ocrx_word' id='word_1_54' title='bbox 439 1605 634 1672; x_wconf 75' lang='lat' dir='ltr'><strong>horninibus·</strong></span> <span class='ocrx_word' id='word_1_55' title='bbox 654 1603 849 1689; x_wconf 75' lang='lat' dir='ltr'><strong>poneretura</strong></span> <span class='ocrx_word' id='word_1_56' title='bbox 888 1613 1061 1692; x_wconf 86' lang='lat' dir='ltr'><strong>certosque</strong></span> <span class='ocrx_word' id='word_1_57' title='bbox 1168 1613 1173 1628; x_wconf 92' lang='grc'><em>’</em></span> 
     </span>
     <span class='ocr_line' id='line_1_11' title="bbox 259 1716 1060 1802; baseline 0.002 -19"><span class='ocrx_word' id='word_1_58' title='bbox 259 1716 325 1783; x_wconf 81' lang='lat' dir='ltr'><strong>effe</strong></span> <span class='ocrx_word' id='word_1_59' title='bbox 337 1718 449 1795; x_wconf 81' lang='lat' dir='ltr'><strong>iocos,</strong></span> <span class='ocrx_word' id='word_1_60' title='bbox 477 1718 593 1802; x_wconf 79' lang='lat' dir='ltr'><strong>qurbus</strong></span> <span class='ocrx_word' id='word_1_61' title='bbox 613 1720 647 1781; x_wconf 89' lang='lat' dir='ltr'><strong>in</strong></span> <span class='ocrx_word' id='word_1_62' title='bbox 659 1718 786 1802; x_wconf 83' lang='lat' dir='ltr'><strong>judiciis</strong></span> <span class='ocrx_word' id='word_1_63' title='bbox 806 1721 994 1797; x_wconf 88' lang='lat' dir='ltr'><strong>uteremur,</strong></span> <span class='ocrx_word' id='word_1_64' title='bbox 1024 1722 1060 1786; x_wconf 87' lang='lat' dir='ltr'><strong>in</strong></span> 
     </span>
     <span class='ocr_line' id='line_1_12' title="bbox 259 1827 1061 1915; baseline 0.005 -20"><span class='ocrx_word' id='word_1_65' title='bbox 259 1831 751 1915; x_wconf 83' lang='lat' dir='ltr'><strong>quibusaequitasquaereretur:</strong></span> <span class='ocrx_word' id='word_1_66' title='bbox 774 1827 1061 1899; x_wconf 87' lang='lat' dir='ltr'><strong>aliosindelibera·</strong></span> 
     </span>
     <span class='ocr_line' id='line_1_13' title="bbox 256 1923 1062 2029; baseline 0.002 -21"><span class='ocrx_word' id='word_1_67' title='bbox 256 1944 424 2020; x_wconf 85' lang='lat' dir='ltr'><strong>tionibus,</strong></span> <span class='ocrx_word' id='word_1_68' title='bbox 446 1945 503 2029; x_wconf 90' lang='lat' dir='ltr'><strong>qui</strong></span> <span class='ocrx_word' id='word_1_69' title='bbox 519 1966 629 2011; x_wconf 86' lang='lat' dir='ltr'><strong>omnes</strong></span> <span class='ocrx_word' id='word_1_70' title='bbox 642 1945 682 2008; x_wconf 91' lang='lat' dir='ltr'><strong>ad</strong></span> <span class='ocrx_word' id='word_1_71' title='bbox 696 1923 871 2009; x_wconf 84' lang='lat' dir='ltr'><strong>utilitatem</strong></span> <span class='ocrx_word' id='word_1_72' title='bbox 884 1933 1062 2028; x_wconf 80' lang='lat' dir='ltr'><strong>dirigeren-</strong></span> 
     </span>
     <span class='ocr_line' id='line_1_14' title="bbox 253 2056 1112 2141; baseline 0.007 -24"><span class='ocrx_word' id='word_1_73' title='bbox 253 2065 314 2120; x_wconf 86' lang='lat' dir='ltr'><strong>tur</strong></span> <span class='ocrx_word' id='word_1_74' title='bbox 330 2078 455 2135; x_wconf 83' lang='lat' dir='ltr'><strong>eorum,</strong></span> <span class='ocrx_word' id='word_1_75' title='bbox 478 2060 593 2141; x_wconf 90' lang='lat' dir='ltr'><strong>quibus</strong></span> <span class='ocrx_word' id='word_1_76' title='bbox 607 2056 772 2122; x_wconf 86' lang='lat' dir='ltr'><strong>confilium</strong></span> <span class='ocrx_word' id='word_1_77' title='bbox 791 2059 958 2122; x_wconf 82' lang='lat' dir='ltr'><strong>daremus:</strong></span> <span class='ocrx_word' id='word_1_78' title='bbox 980 2058 1060 2123; x_wconf 80' lang='lat' dir='ltr'><strong>alios</strong></span> <span class='ocrx_word' id='word_1_79' title='bbox 1104 2095 1112 2107; x_wconf 72' lang='lat'><em>»</em></span> 
     </span>
     <span class='ocr_line' id='line_1_15' title="bbox 253 2153 1060 2255; baseline 0.004 -18"><span class='ocrx_word' id='word_1_80' title='bbox 253 2171 339 2237; x_wconf 88' lang='lat' dir='ltr'><strong>item</strong></span> <span class='ocrx_word' id='word_1_81' title='bbox 354 2171 387 2234; x_wconf 91' lang='lat' dir='ltr'><strong>in</strong></span> <span class='ocrx_word' id='word_1_82' title='bbox 400 2172 660 2249; x_wconf 82' lang='lat' dir='ltr'><strong>laudationibus,</strong></span> <span class='ocrx_word' id='word_1_83' title='bbox 680 2153 714 2236; x_wconf 88' lang='lat' dir='ltr'><strong>in</strong></span> <span class='ocrx_word' id='word_1_84' title='bbox 730 2172 846 2255; x_wconf 85' lang='lat' dir='ltr'><strong>quibus</strong></span> <span class='ocrx_word' id='word_1_85' title='bbox 861 2170 1060 2254; x_wconf 83' lang='lat' dir='ltr'><strong>ad&#39;persona·</strong></span> 
     </span>
     <span class='ocr_line' id='line_1_16' title="bbox 254 2280 1126 2367; baseline -0.005 -19"><span class='ocrx_word' id='word_1_86' title='bbox 254 2305 333 2348; x_wconf 83' lang='lat' dir='ltr'><strong>rum</strong></span> <span class='ocrx_word' id='word_1_87' title='bbox 351 2280 537 2366; x_wconf 83' lang='lat' dir='ltr'><strong>dignitatem</strong></span> <span class='ocrx_word' id='word_1_88' title='bbox 555 2287 663 2349; x_wconf 85' lang='lat' dir='ltr'><strong>omnia</strong></span> <span class='ocrx_word' id='word_1_89' title='bbox 685 2285 891 2349; x_wconf 86' lang='lat' dir='ltr'><strong>referrentur.</strong></span> <span class='ocrx_word' id='word_1_90' title='bbox 913 2285 1059 2367; x_wconf 83' lang='lat' dir='ltr'><strong>Cumque</strong></span> <span class='ocrx_word' id='word_1_91' title='bbox 1076 2301 1126 2360; x_wconf 77' lang='lat'><strong>142</strong></span> 
     </span>
     <span class='ocr_line' id='line_1_17' title="bbox 256 2397 1061 2482; baseline 0.001 -22"><span class='ocrx_word' id='word_1_92' title='bbox 256 2398 337 2462; x_wconf 85' lang='lat' dir='ltr'><strong>esset</strong></span> <span class='ocrx_word' id='word_1_93' title='bbox 355 2399 458 2461; x_wconf 88' lang='lat' dir='ltr'><strong>omnis</strong></span> <span class='ocrx_word' id='word_1_94' title='bbox 472 2401 609 2462; x_wconf 83' lang='lat' dir='ltr'><strong>oratoris</strong></span> <span class='ocrx_word' id='word_1_95' title='bbox 633 2401 681 2464; x_wconf 86' lang='lat' dir='ltr'><strong>vis</strong></span> <span class='ocrx_word' id='word_1_96' title='bbox 701 2418 738 2460; x_wconf 90' lang='lat' dir='ltr'><strong>ac</strong></span> <span class='ocrx_word' id='word_1_97' title='bbox 755 2397 894 2462; x_wconf 85' lang='lat' dir='ltr'><strong>facultas</strong></span> <span class='ocrx_word' id='word_1_98' title='bbox 917 2397 950 2460; x_wconf 90' lang='lat' dir='ltr'><strong>in</strong></span> <span class='ocrx_word' id='word_1_99' title='bbox 968 2399 1061 2482; x_wconf 87' lang='lat' dir='ltr'><strong>quin·</strong></span> 
     </span>
     <span class='ocr_line' id='line_1_18' title="bbox 258 2511 1062 2597; baseline 0.006 -24"><span class='ocrx_word' id='word_1_100' title='bbox 258 2532 325 2593; x_wconf 90' lang='lat' dir='ltr'><strong>que</strong></span> <span class='ocrx_word' id='word_1_101' title='bbox 346 2520 453 2594; x_wconf 85' lang='lat' dir='ltr'><strong>partes</strong></span> <span class='ocrx_word' id='word_1_102' title='bbox 478 2511 659 2588; x_wconf 84' lang='lat' dir='ltr'><strong>distributa,</strong></span> <span class='ocrx_word' id='word_1_103' title='bbox 698 2521 735 2575; x_wconf 88' lang='lat' dir='ltr'><strong>ut</strong></span> <span class='ocrx_word' id='word_1_104' title='bbox 766 2511 896 2576; x_wconf 84' lang='lat' dir='ltr'><strong>deberet</strong></span> <span class='ocrx_word' id='word_1_105' title='bbox 920 2512 1062 2597; x_wconf 87' lang='lat' dir='ltr'><strong>reperire</strong></span> 
     </span>
     <span class='ocr_line' id='line_1_19' title="bbox 258 2624 1061 2707; baseline 0.01 -23"><span class='ocrx_word' id='word_1_106' title='bbox 258 2625 415 2707; x_wconf 86' lang='lat' dir='ltr'><strong>primum,</strong></span> <span class='ocrx_word' id='word_1_107' title='bbox 439 2627 514 2707; x_wconf 83' lang='lat' dir='ltr'><strong>quid</strong></span> <span class='ocrx_word' id='word_1_108' title='bbox 533 2626 682 2689; x_wconf 59' lang='lat' dir='ltr'><strong>dicerem.</strong></span> <span class='ocrx_word' id='word_1_109' title='bbox 705 2624 819 2689; x_wconf 86' lang='lat' dir='ltr'><strong>deinde</strong></span> <span class='ocrx_word' id='word_1_110' title='bbox 842 2624 973 2690; x_wconf 86' lang='lat' dir='ltr'><strong>inventa</strong></span> <span class='ocrx_word' id='word_1_111' title='bbox 994 2647 1061 2692; x_wconf 90' lang='lat' dir='ltr'><strong>non</strong></span> 
     </span>
     <span class='ocr_line' id='line_1_20' title="bbox 256 2738 1088 2823; baseline 0.008 -23"><span class='ocrx_word' id='word_1_112' title='bbox 256 2738 358 2800; x_wconf 84' lang='lat' dir='ltr'><strong>sotum</strong></span> <span class='ocrx_word' id='word_1_113' title='bbox 375 2738 510 2813; x_wconf 85' lang='lat' dir='ltr'><strong>ordine,</strong></span> <span class='ocrx_word' id='word_1_114' title='bbox 540 2738 592 2802; x_wconf 88' lang='lat' dir='ltr'><strong>sed</strong></span> <span class='ocrx_word' id='word_1_115' title='bbox 617 2739 715 2802; x_wconf 86' lang='lat' dir='ltr'><strong>etiam</strong></span> <span class='ocrx_word' id='word_1_116' title='bbox 736 2747 902 2804; x_wconf 89' lang='lat' dir='ltr'><strong>momento</strong></span> <span class='ocrx_word' id='word_1_117' title='bbox 920 2743 1060 2823; x_wconf 84' lang='lat' dir='ltr'><strong>quodam</strong></span> <span class='ocrx_word' id='word_1_118' title='bbox 1085 2800 1088 2807; x_wconf 88' lang='lat'>.</span> 
     </span>
     <span class='ocr_line' id='line_1_21' title="bbox 257 2851 1057 2936; baseline 0.005 -22"><span class='ocrx_word' id='word_1_119' title='bbox 257 2860 356 2934; x_wconf 90' lang='lat' dir='ltr'><strong>atque</strong></span> <span class='ocrx_word' id='word_1_120' title='bbox 376 2851 499 2932; x_wconf 84' lang='lat' dir='ltr'><strong>judicio</strong></span> <span class='ocrx_word' id='word_1_121' title='bbox 524 2851 701 2934; x_wconf 84' lang='lat' dir='ltr'><strong>dispensare</strong></span> <span class='ocrx_word' id='word_1_122' title='bbox 725 2861 825 2934; x_wconf 87' lang='lat' dir='ltr'><strong>atque</strong></span> <span class='ocrx_word' id='word_1_123' title='bbox 847 2873 1057 2936; x_wconf 83' lang='lat' dir='ltr'><strong>componere:</strong></span> 
     </span>
     <span class='ocr_line' id='line_1_22' title="bbox 257 2965 1060 3048; baseline 0.006 -23"><span class='ocrx_word' id='word_1_124' title='bbox 257 2972 381 3028; x_wconf 87' lang='lat' dir='ltr'><strong>tumea</strong></span> <span class='ocrx_word' id='word_1_125' title='bbox 395 2965 534 3045; x_wconf 88' lang='lat' dir='ltr'><strong>denique</strong></span> <span class='ocrx_word' id='word_1_126' title='bbox 555 2965 667 3029; x_wconf 86' lang='lat' dir='ltr'><strong>vestire</strong></span> <span class='ocrx_word' id='word_1_127' title='bbox 690 2973 786 3048; x_wconf 88' lang='lat' dir='ltr'><strong>atque</strong></span> <span class='ocrx_word' id='word_1_128' title='bbox 806 2983 920 3028; x_wconf 83' lang='lat' dir='ltr'><strong>ornare</strong></span> <span class='ocrx_word' id='word_1_129' title='bbox 940 2967 1060 3030; x_wconf 86' lang='lat' dir='ltr'><strong>oratio-</strong></span> 
     </span>
     <span class='ocr_line' id='line_1_23' title="bbox 256 3076 1058 3162; baseline 0.002 -22"><span class='ocrx_word' id='word_1_130' title='bbox 256 3096 318 3140; x_wconf 84' lang='lat' dir='ltr'><strong>ne:</strong></span> <span class='ocrx_word' id='word_1_131' title='bbox 342 3076 410 3161; x_wconf 76' lang='lat' dir='ltr'><strong>&#39;post</strong></span> <span class='ocrx_word' id='word_1_132' title='bbox 420 3079 575 3142; x_wconf 77' lang='lat' dir='ltr'><strong>memoria</strong></span> <span class='ocrx_word' id='word_1_133' title='bbox 584 3078 702 3161; x_wconf 85' lang='lat' dir='ltr'><strong>sepire:</strong></span> <span class='ocrx_word' id='word_1_134' title='bbox 726 3079 1058 3162; x_wconf 77' lang='lat' dir='ltr'><strong>adextremumagere</strong></span> 
     </span>
     <span class='ocr_line' id='line_1_24' title="bbox 258 3190 1126 3275; baseline 0.002 -23"><span class='ocrx_word' id='word_1_135' title='bbox 258 3210 333 3252; x_wconf 89' lang='lat' dir='ltr'><strong>cnm</strong></span> <span class='ocrx_word' id='word_1_136' title='bbox 349 3191 503 3272; x_wconf 79' lang='lat' dir='ltr'><strong>dignitate</strong></span> <span class='ocrx_word' id='word_1_137' title='bbox 519 3210 557 3254; x_wconf 91' lang='lat' dir='ltr'><strong>ac</strong></span> <span class='ocrx_word' id='word_1_138' title='bbox 579 3190 756 3256; x_wconf 83' lang='lat' dir='ltr'><strong>venustate.</strong></span> <span class='ocrx_word' id='word_1_139' title='bbox 800 3190 908 3255; x_wconf 86' lang='lat' dir='ltr'><strong>Etiam</strong></span> <span class='ocrx_word' id='word_1_140' title='bbox 926 3191 982 3254; x_wconf 88' lang='lat' dir='ltr'><strong>illa</strong></span> <span class='ocrx_word' id='word_1_141' title='bbox 1001 3211 1054 3254; x_wconf 90' lang='lat' dir='ltr'><strong>co·</strong></span> <span class='ocrx_word' id='word_1_142' title='bbox 1073 3218 1126 3275; x_wconf 78' lang='lat'><strong>143</strong></span> 
     </span>
     <span class='ocr_line' id='line_1_25' title="bbox 258 3286 1133 3389; baseline 0.001 -24"><span class='ocrx_word' id='word_1_143' title='bbox 258 3322 393 3385; x_wconf 80' lang='lat' dir='ltr'><strong>gnoram</strong></span> <span class='ocrx_word' id='word_1_144' title='bbox 415 3304 450 3369; x_wconf 85' lang='lat'>&amp;</span> <span class='ocrx_word' id='word_1_145' title='bbox 473 3323 676 3388; x_wconf 83' lang='lat' dir='ltr'><strong>acceperam,</strong></span> <span class='ocrx_word' id='word_1_146' title='bbox 711 3311 882 3389; x_wconf 85' lang='lat' dir='ltr'><strong>antequam</strong></span> <span class='ocrx_word' id='word_1_147' title='bbox 904 3305 944 3368; x_wconf 87' lang='lat' dir='ltr'><strong>de</strong></span> <span class='ocrx_word' id='word_1_148' title='bbox 961 3324 995 3368; x_wconf 86' lang='lat' dir='ltr'><strong>re</strong></span> <span class='ocrx_word' id='word_1_149' title='bbox 1008 3305 1057 3368; x_wconf 87' lang='lat' dir='ltr'><strong>di·</strong></span> <span class='ocrx_word' id='word_1_150' title='bbox 1129 3286 1133 3295; x_wconf 48' lang='lat'><strong><em>⁴</em></strong></span> 
     </span>
     <span class='ocr_line' id='line_1_26' title="bbox 259 3400 1058 3492; baseline 0.003 -14"><span class='ocrx_word' id='word_1_151' title='bbox 259 3437 427 3492; x_wconf 90' lang='lat' dir='ltr'><strong>ceremus,</strong></span> <span class='ocrx_word' id='word_1_152' title='bbox 450 3418 542 3481; x_wconf 89' lang='lat' dir='ltr'><strong>initio</strong></span> <span class='ocrx_word' id='word_1_153' title='bbox 560 3417 776 3481; x_wconf 89' lang='lat' dir='ltr'><strong>conciliandos</strong></span> <span class='ocrx_word' id='word_1_154' title='bbox 792 3400 903 3482; x_wconf 78' lang='lat' dir='ltr'><strong>eorum</strong></span> <span class='ocrx_word' id='word_1_155' title='bbox 918 3415 1058 3481; x_wconf 76' lang='lat' dir='ltr'><strong>esseant-</strong></span> 
     </span>
     <span class='ocr_line' id='line_1_27' title="bbox 259 3530 1060 3622; baseline 0.005 -30"><span class='ocrx_word' id='word_1_156' title='bbox 259 3550 342 3604; x_wconf 84' lang='lat' dir='ltr'><strong>mos,</strong></span> <span class='ocrx_word' id='word_1_157' title='bbox 361 3531 415 3613; x_wconf 87' lang='lat' dir='ltr'><strong>qui</strong></span> <span class='ocrx_word' id='word_1_158' title='bbox 430 3533 592 3622; x_wconf 82' lang='lat' dir='ltr'><strong>audirent:</strong></span> <span class='ocrx_word' id='word_1_159' title='bbox 615 3531 730 3594; x_wconf 84' lang='lat' dir='ltr'><strong>deinde</strong></span> <span class='ocrx_word' id='word_1_160' title='bbox 753 3550 822 3595; x_wconf 86' lang='lat' dir='ltr'><strong>rem</strong></span> <span class='ocrx_word' id='word_1_161' title='bbox 841 3530 1060 3596; x_wconf 83' lang='lat' dir='ltr'><strong>demonstran·</strong></span> 
     </span>
     <span class='ocr_line' id='line_1_28' title="bbox 257 3620 1056 3728; baseline 0.006 -21"><span class='ocrx_word' id='word_1_162' title='bbox 257 3643 354 3709; x_wconf 67' lang='lat' dir='ltr'><strong>dama</strong></span> <span class='ocrx_word' id='word_1_163' title='bbox 383 3620 491 3728; x_wconf 81' lang='lat' dir='ltr'><strong>postea</strong></span> <span class='ocrx_word' id='word_1_164' title='bbox 516 3632 762 3711; x_wconf 76' lang='lat' dir='ltr'><strong>controversiam</strong></span> <span class='ocrx_word' id='word_1_165' title='bbox 786 3642 1056 3712; x_wconf 78' lang='lat' dir='ltr'><strong>constituendam:</strong></span> 
     </span>
    </p>
   </div>
   <div class='ocr_carea' id='block_1_3' title="bbox 0 0 1373 4350">
    <p class='ocr_par' dir='ltr' id='par_1_3' title="bbox 0 0 1373 4350">
     <span class='ocr_line' id='line_1_29' title="bbox 0 0 1373 4350; baseline 0 0"><span class='ocrx_word' id='word_1_166' title='bbox 0 0 1373 4350; x_wconf 95' lang='lat' dir='ltr'><strong> </strong></span> 
     </span>
    </p>
   </div>
  </div>
 </body>
</html>
