2725 4350
221 499 226 528 ¹
322 495 427 587 '202
527 488 991 587 urorrro'uu

301 687 303 694 ’
360 689 487 777 iugario,
511 694 544 758 in
559 689 789 776 deplorandum
804 692 969 757 interitum
984 677 1162 762 exereitum

321 825 324 838 '
361 806 415 872 Sic
433 808 465 873 dr
483 827 594 872 eornm
613 798 780 882 dolorem,
810 808 864 889 qui
886 806 1049 887 lugebant
1074 807 1162 885 sune,

322 991 326 1008 ι
360 924 505 985 oratione
516 922 721 994 refricabam,
743 920 778 985 dr
791 920 918 983 animoa
931 921 1088 1004 equitum
1103 923 1163 985 Ro·

358 1053 540 1110 manorum,
562 1035 645 1115 apud
661 1052 741 1117 quor
756 1041 826 1096 turn
838 1031 961 1126 judicer
970 1021 1077 1097 'eausa
1088 1053 1163 1115 age·

358 1147 469 1220 batur,
492 1150 531 1211 ad
551 1147 594 1223 Q.
616 1146 776 1229 Caepionis
796 1145 926 1223 odium,
949 1164 970 1207 a
987 1165 1057 1229 qno
1074 1151 1162 1212 erant

358 1257 415 1338 ipfi
440 1270 566 1339 propter
586 1259 706 1341 judicia
732 1247 923 1335 abalienati,
960 1262 1161 1325 renovabam

289 1349 468 1451 49'[atque
490 1372 702 1456 revocabam}
754 1371 850 1448 Quod
873 1371 928 1435 ubi
943 1369 1029 1436 'sensi
1047 1393 1107 1439 *rue
1127 1373 1158 1435 in

290 1461 341 1507 ²⁰⁰
357 1482 538 1566 posseffione
552 1484 684 1567 judicii,
708 1503 745 1546 ac
766 1480 953 1547 defensionis
972 1503 1061 1549 rneae
1086 1487 1160 1548 eoui

329 1647 332 1654 Α
355 1595 481 1671 stitisse,
505 1601 590 1677 quod
612 1595 653 1692 &¹
667 1596 778 1679 populi
799 1597 1054 1661 benivolentiam
1081 1596 1156 1660 mihi

355 1709 578 1788 conciliatam,
600 1710 690 1793 eujus
704 1709 758 1802 jur
776 1711 871 1772 etiam
894 1729 968 1774 cum
991 1709 1154 1775 seditionis

355 1820 579 1899 conjunttioue
591 1825 805 1898 defenderam,
828 1822 861 1887 dr
872 1821 1018 1905 judicum
1026 1825 1154 1887 animoa

281 1933 284 1939 ’
354 1941 442 1999 totos
464 1936 516 1999 vel
537 1936 719 1999 calamitate
737 1936 894 2012 civitatis,
926 1936 981 2000 vel
998 1934 1097 2000 lustu
1119 1953 1154 1998 ae

353 2047 505 2112 desiderio
521 2050 789 2129 propinquorum,
814 2050 865 2113 vel
884 2048 957 2112 odio
974 2049 1108 2132 proprio
1123 2048 1152 2111 in

352 2161 534 2243 Caepionem
552 2166 591 2225 ad
612 2162 736 2224 causam
755 2160 888 2224 nostram
909 2171 1150 2226 converteram:

351 2281 431 2337 tunc
455 2277 625 2340 admiscere
649 2276 727 2339 huic
746 2274 854 2358 generi
874 2275 1031 2338 orationis
1058 2276 1153 2339 vehe-

352 2387 453 2449 menti
472 2398 566 2469 atque
589 2390 691 2451 atroci
712 2408 814 2470 genus
832 2389 912 2451 illud
930 2388 1092 2464 alterum,
1114 2388 1152 2451 de

279 2530 290 2551 ·
355 2500 419 2581 quo
438 2512 513 2564 ante
529 2500 695 2583 disputavi,
717 2500 855 2563 lenitatis
876 2499 909 2564 dr
931 2498 1153 2566 mansuetudi-

350 2613 401 2674 nis
422 2613 524 2692 coepi;
548 2633 599 2676 me
619 2632 676 2694 pro
698 2633 771 2676 meo
795 2613 910 2688 sodali,
934 2613 992 2696 qui
1016 2614 1099 2677 mihi
1120 2613 1151 2676 in

349 2721 486 2786 siberdm
501 2724 573 2787 loeo
588 2743 677 2788 more
691 2725 847 2807 majorum
865 2724 927 2788 esse
943 2725 1094 2803 deberet,
1118 2724 1150 2790 dt

350 2853 408 2918 pro
426 2853 496 2898 mea
513 2838 601 2899 omni
617 2838 702 2901 sama
717 2856 815 2920 prope
827 2835 1024 2916 fortunisque
1040 2841 1151 2903 decer·

275 2986 278 2997 =
302 2972 304 2979 ·
349 2967 444 3024 nere,
469 2947 549 3012 nibil
569 2949 647 3012 mibi
667 2951 707 3014 ad
724 2949 991 3015 existimationem
1006 2954 1152 3034 turpius,

348 3059 429 3124 nibil
457 3063 498 3125 ad
529 3062 671 3125 dolorem
702 3063 846 3126 acerbius
875 3062 1022 3145 accidere
1046 3063 1133 3146 posse
1141 3109 1152 3142 ‚

348 3173 548 3253 quamdis,
572 3175 628 3257 qui
648 3174 730 3258 saepe
747 3170 940 3239 alieniffimie
960 3194 981 3238 a
1001 3194 1075 3254 me,
1099 3175 1151 3242 sed

345 3286 427 3348 meis
442 3298 550 3351 tamen
566 3287 704 3362 civibus,
727 3287 818 3350 saluti
832 3286 1031 3352 existimarer
1044 3288 1152 3368 fuisse,

345 3396 441 3460 sodali
467 3419 540 3461 meo
576 3400 732 3463 auxilium
758 3401 843 3464 serre
873 3420 936 3464 non
967 3401 1155 3489 potuissem,

272 3537 321 3582 201
345 3506 496 3572 Petebam
511 3510 722 3594 ajudicibus,
746 3515 874 3577 utillud
890 3513 978 3575 aetati
992 3533 1091 3592 ruem,
1115 3525 1155 3580 ut

343 3605 539 3704 honoribus,
568 3631 604 3689 ut
624 3628 718 3691 rebur
738 3627 851 3710 gestis,
874 3624 1022 3708 fi‘justo,
1045 3625 1072 3692 fi
1096 3631 1153 3716 pio
