2725 4350
355 511 418 595 1⁶4
519 506 600 596 uu
643 503 985 573 ouaaouu

352 683 549 768 duplicatur.
591 682 690 765 idque
716 689 773 745 aut
800 700 979 764 numquam
1008 666 1155 766 dijudlafl

352 796 488 883 poterit,
511 794 631 858 aut-ita
651 777 898 875 dijudicabitur,
920 802 959 858 ut
971 793 1155 863 'referendis

351 909 522 995 praeteritio
541 907 664 983 verbis,
688 907 721 970 id
734 906 902 991 scriptum,
924 910 1155 994 quodcumque

353 1022 573 1098 defendimus,
602 1019 797 1103 suppleatur.
819 1015 891 1085 ‘lta
912 1020 967 1098 fit,
992 1030 1034 1085 ut
1056 1043 1153 1088 unum

354 1156 457 1221 penus
479 1135 513 1196 in
536 1133 577 1196 iis
602 1131 719 1210 caulis,
751 1151 825 1215 quae
852 1142 982 1216 propter
1001 1134 1153 1217 scriptum
1195 1181 1198 1206 .

190 1219 193 1227 Ι
261 1225 268 1239 ’
354 1249 576 1330 ambiguntur,
598 1247 812 1328 relinquatur,
835 1242 917 1309 srest
930 1229 1085 1329 scriptum
1099 1248 1154 1312 ali·

288 1377 336 1423 111
354 1362 433 1446 quid
457 1361 637 1441 ambigue.‘
672 1357 908 1441 Ambiguorum
931 1369 1041 1422 autem
1066 1381 1153 1424 com·

354 1476 448 1559 plura
459 1490 576 1556 genera
592 1470 680 1534 sunt:
705 1490 778 1553 quae
793 1472 870 1534 mihi
881 1449 1033 1537 videntur
1046 1474 1073 1537 ii
1087 1493 1153 1539 me·

352 1589 416 1653 lius
430 1584 526 1661 nosse,
549 1583 607 1668 qui
623 1582 780 1647 dialettici
797 1585 1008 1668 appellantur,
1030 1587 1067 1649 hi
1082 1593 1153 1651 aut·

352 1720 407 1763 em
422 1698 520 1762 nostri
534 1698 698 1779 ignorare,
722 1698 777 1779 qui
791 1718 855 1761 non
870 1698 976 1761 minus
992 1698 1083 1763 noffe
1100 1702 1151 1764 de·

352 1814 467 1879 beant:
486 1819 557 1875 tum
572 1809 650 1874 illud
664 1809 708 1875 est
722 1808 1008 1892 frequentissimum
1018 1812 1053 1876 in
1067 1811 1151 1876 omni

280 2018 284 2027 ,
327 1911 329 1918 ¹
356 1923 587 2003 consuetudine
600 1923 652 1986 vel
668 1923 840 2000 sermonis,
862 1924 916 1988 vel
932 1924 1058 2007 scripti,
1080 1943 1149 1989 cum

352 2025 473 2106 idcirco
487 2036 609 2119 aliquid
624 2033 808 2117 ambigitur,
831 2019 919 2120 quod
933 2043 989 2100 aut
1008 2039 1149 2113 verbum,

288 2179 339 2225 112
355 2162 412 2220 aut
435 2152 532 2219 verba
550 2146 610 2213 fiut
628 2149 846 2233 praetermisia.
884 2151 1021 2215 lterum
1043 2159 1148 2216 auteur

352 2274 502 2352 peccant,
525 2284 601 2326 cum
616 2284 716 2344 genus
731 2262 990 2340 horcausarum,
1014 2268 1103 2346 quod
1119 2264 1148 2327 in

351 2380 458 2463 scripti
473 2377 736 2460 interpretatione
755 2378 913 2453 versatur,
937 2378 1057 2441 abillis
1076 2396 1150 2442 cau·
1195 2414 1198 2422 =

352 2493 404 2570 fis,
426 2490 603 2574 inquibus,
620 2490 941 2572 qualis'quaequeres
957 2489 1006 2567 fit,
1032 2492 1152 2574 discep-

335 2614 453 2681 tatur,
477 2603 655 2685 sejungunt.
700 2601 852 2684 nusquam
867 2604 951 2667 enlm
968 2610 1036 2666 tam
1063 2624 1150 2688 quae·

303 2722 305 2727 ’
352 2719 451 2792 titur,
484 2716 578 2798 quale
600 2713 638 2778 fit
659 2734 759 2796 genus
781 2716 883 2797 ipsum
906 2716 968 2790 rei,
997 2736 1097 2799 quam
1118 2719 1151 2780 in

350 2830 480 2914 scripto,
504 2830 591 2910 quod
612 2834 717 2890 totum
735 2848 754 2891 a
772 2826 849 2892 fatti
871 2828 1084 2894 controversia
1107 2831 1151 2895 se·

282 2969 332 3027 113
351 2952 496 3030 paratum
521 2939 576 3003 est.
621 2940 673 3004 lta
693 2941 756 3003 tria
780 2942 850 3004 sunt
872 2944 1001 3006 omuino
1021 2962 1152 3024 genera,

284 3128 288 3137 x
350 3076 422 3142 quae
438 3057 472 3120 iu
490 3053 748 3135 disceptationem
770 3052 805 3117 u
825 3053 1074 3121 controversiam
1099 3074 1152 3119 ca·

265 3254 267 3261 ,
349 3172 425 3236 dere
441 3165 581 3251 possunt3
606 3165 696 3239 Quid
713 3164 780 3239 fiat,
804 3165 937 3244 fastum,
959 3171 1153 3234 futurumve

349 3283 407 3348 fit:
430 3289 486 3345 aut
499 3278 605 3354 Quale
619 3276 674 3353 fit,
698 3288 753 3341 aut
768 3273 938 3352 Quomodo
952 3281 1152 3346 nominetur.

348 3397 435 3463 Nam
460 3395 493 3460 &
513 3393 592 3459 illud
612 3393 760 3471 quidem,
783 3387 1019 3476 quodquidam
1042 3394 1154 3459 Graeci

348 3509 545 3591 adjungunt,
572 3503 711 3568 licitene
727 3502 848 3568 saalum
867 3503 914 3583 fit,
938 3518 1042 3569 totum
1061 3508 1096 3570 in
1113 3528 1154 3572 eo

347 3620 403 3698 est,
428 3622 525 3704 quod,
541 3618 644 3693 Quale
659 3615 707 3692 fit,
724 3619 910 3699 quaerimur.
956 3617 1019 3685 Sed
1034 3621 1102 3704 iam
1114 3623 1156 3696 ad

304 3781 306 3785 ψ
342 3733 524 3802 institutum
543 3740 686 3800 revertar
701 3750 825 3796 meum.
