2725 4350
244 456 248 464 ’
317 494 384 574 1⁸⁶
489 493 558 564 un
588 441 973 565 ruvirumonn'
1018 489 1022 493 “

251 653 253 660 ’
318 672 472 758 quaedarn
494 669 670 753 separatius
697 672 738 736 ad
764 669 884 749 finem,
917 691 981 756 qun
1012 647 1124 741 referri

232 775 237 782 ’
302 803 449 854 ‘emnem
457 784 636 849 orationem
644 792 783 868 oportet,
805 784 1033 869 adiungentur.
1063 792 1125 852 At·

320 922 384 987 que
406 894 652 981 uniuscujusque
673 898 912 965 constitutionis
936 902 1124 985 exemplum

208 1022 211 1032 '
317 1016 496 1100 supponere
517 1030 583 1075 uon
602 1031 836 1101 gravaremur,
857 1011 916 1079 uifi
935 1014 1015 1080 illud
1033 1015 1125 1080 vide·

319 1148 427 1196 remur
435 1173 446 1207 ,
456 1136 459 1154 '
469 1108 743 1210 quenadmodum
759 1146 811 1194 rea
829 1127 970 1193 obscurae
986 1129 1123 1193 dicendo

271 1230 291 1338 .'
316 1242 434 1308 fierent
450 1239 626 1324 apertiores
632 1263 643 1320 ς
665 1239 708 1307 fic
727 1259 779 1306 res
794 1248 937 1326 apertus,
960 1241 1125 1307 obscurio-

316 1376 369 1422 τοι
388 1352 462 1421 fieri
483 1354 641 1422 oratione.
680 1353 794 1430 ,Nunc
815 1356 855 1424 ad
879 1356 1123 1423 deliberationis

315 1474 477 1556 precepta
492 1486 677 1553 pergarnus

239 1593 307 1682 52
380 1569 507 1648 Rerum
528 1585 781 1668 expetendarum
802 1584 865 1649 tria
887 1601 1006 1669 genera
1025 1543 1121 1648 sunt.

250 1692 303 1753 ι57
314 1714 374 1781 par
387 1702 498 1762 autem
516 1717 671 1763 numerus
684 1699 886 1764 vitandarum
903 1719 943 1763 ex
959 1698 1122 1762 contrariu

312 1818 415 1897 parte.
462 1808 548 1877 Nam
568 1811 613 1878 est
627 1811 802 1897 quiddam,
829 1813 914 1896 quod
932 1810 1039 1877 sua
1008 1832 1040 1877 vr
1061 1831 1123 1876 noe

241 1910 415 1991 illicit
432 1928 474 1991 ad
487 1925 568 2005 sese,
591 1944 657 2003 noq
674 1924 895 1988 emolumento
913 1933 1045 2008 captans
1060 1926 1122 1991 ali·

241 2079 249 2114 .
314 2059 396 2124 quo,
419 2039 472 2103 sed
490 2037 619 2102 trahens
637 2036 692 2101 sua
712 2035 889 2119 dignitate·
910 2040 996 2120 quod
1016 2059 1120 2122 genua

310 2128 439 2232 virtus,
462 2149 613 2228 scientia,
636 2147 756 2217 veritae
776 2148 832 2217 est.
884 2152 987 2228 Aliud
1008 2163 1122 2220 autern

285 2290 381 2343 Ιιιοιι
397 2275 527 2351 propter
540 2265 628 2330 suam
642 2282 711 2328 νιιιι
730 2261 765 2332 &
785 2270 954 2348 naturam,
976 2266 1122 2352 sedpro·
1143 2327 1148 2338 .

262 2462 269 2476 Χ
291 2467 294 2471 ⁸
313 2393 386 2468 pter
409 2379 551 2450 stultum
572 2385 671 2461 atque
694 2379 895 2471 utilitatem,
927 2386 1119 2465 petendum:

219 2560 221 2565 .
315 2498 402 2581 quod
418 2515 522 2578 genua
535 2494 669 2577 pecunia
684 2493 740 2560 est.
785 2493 839 2559 Eli
855 2514 950 2579 porro
963 2494 1118 2576 quiddam

312 2598 355 2675 'ex
369 2611 485 2676 horum
502 2607 648 2693 partibus
661 2605 828 2692 juellum,
852 2608 937 2687 quod
953 2603 986 2668 dr
1002 2604 1055 2665 sua
1072 2603 1117 2680 vi,

316 2721 352 2789 dt
372 2722 530 2804 dignitate
549 2740 608 2785 nus
625 2717 776 2785 indudlos
799 2718 908 2795 ducit,
937 2716 970 2784 ἃ
994 2737 1059 2801 prae
1086 2716 1117 2781 le

248 2842 251 2849 '
315 2837 480 2918 quandam
496 2836 580 2919 gerit
598 2834 788 2908 utilitatem,
811 2852 877 2916 quo
900 2832 1002 2916 magis
1021 2852 1119 2914 expe-

313 2957 414 3025 tatur,
435 2956 473 3013 ut
484 2949 638 3027 amicitia,
659 2949 744 3013 bona
759 2945 962 3012 existimatio.
1008 2951 1119 3028 Atque

230 3121 232 3125 .
313 3083 355 3127 ex
365 3062 416 3125 hls
429 3063 547 3126 horum
562 3063 723 3126 contraria
736 3060 846 3138 facile,
866 3061 1121 3134 tacentibusino-

248 3188 298 3245 158
315 3175 382 3250 bis,
407 3174 639 3258 intelligentur.
690 3173 753 3239 Sed
778 3185 815 3241 ut
831 3156 1012 3255 expeditius
1034 3175 1117 3236 ratio

207 3310 208 3319 ¹
275 3294 278 3302 '
314 3289 470 3364 tradatur,
493 3307 551 3365 ea,
573 3308 646 3369 quae
663 3289 844 3371 posuimus,
867 3289 958 3353 brevi
970 3289 1120 3357 uomina-

313 3378 448 3467 buntur.
496 3400 583 3483 Nam
602 3403 636 3465 in
660 3401 765 3482 primo
788 3422 905 3483 genere
932 3420 1004 3483 quae
1028 3401 1117 3476 sunt,

311 3514 444 3590 honesta
455 3517 724 3600 appellabuntur3
747 3536 820 3599 quae
833 3524 941 3578 nutem
955 3513 988 3576 in
1003 3513 1117 3609 secun-

274 3631 278 3645 ''
313 3629 376 3707 do,
398 3629 501 3697 utilia.
538 3630 608 3695 haec
625 3641 733 3696 autem
756 3629 873 3706 tertia,
895 3627 971 3712 quia
990 3634 1119 3712 partem
