2725 4350
360 491 424 568 ηε
519 476 988 546 nn-oninonn

360 662 482 721 tantem
499 652 532 718 ἂ
555 653 783 718 dormitantem
800 652 989 738 sapientiam
1005 653 1161 726 Scaevola·

360 790 453 847 rum,
478 766 511 832 ἂ
531 751 716 837 ¹ceterorum
732 767 899 832 beatorum
921 770 993 832 otio
1011 777 1161 840 coneede-

295 901 347 966 145
362 902 448 947 mue.
491 877 608 946 Arrifit
627 880 680 943 hic
703 878 985 960 Craiiueleniter,
1009 882 1068 962 uz,
1092 886 1161 952 Per·

361 1005 436 1062 texe
451 996 559 1070 modo,
579 992 698 1075 inquit,
719 991 853 1071 Antoni,
876 995 963 1076 quod
978 1000 1161 1064 exorsuaea.

364 1130 417 1174 me
430 1119 535 1172 tamen
553 1105 612 1170 ilia
627 1105 763 1170 oscitans
780 1107 952 1189 sapientia,
975 1107 1163 1196 simulatque

279 1247 281 1252 ·
363 1224 403 1287 ad
419 1240 490 1286 eam
504 1199 675 1303 confugero
683 1264 694 1296 ,
715 1219 750 1283 in
764 1220 943 1284 libertatem
957 1223 1146 1290 vindicabit.

298 1339 354 1430 34
432 1333 536 1424 Hujus
553 1333 679 1414 quidem
697 1332 776 1410 loci,
800 1336 1008 1415 quemmodo
1027 1336 1098 1402 sum
1114 1357 1164 1404 ex·

365 1447 475 1521 orsus,
498 1446 549 1509 hie
570 1445 614 1510 est
635 1443 729 1521 finit,
751 1445 855 1530 inquit
871 1448 1066 1515 Antonine:
1090 1470 1163 1536 quo·

364 1564 452 1626 niam
470 1558 678 1639 intelligitur,
699 1577 764 1621 non
781 1560 815 1621 in
829 1560 998 1622 bominum
1017 1563 1162 1638 innume·

247 1673 250 1680 ’
364 1673 517 1738 rabilibus
539 1670 697 1753 personis,
720 1690 825 1753 neque
841 1672 875 1735 in
892 1671 1023 1738 infinita
1042 1683 1163 1761 tempo·

365 1806 437 1850 rum
458 1784 629 1861 varietate,
653 1784 706 1849 sed
727 1785 761 1847 in
779 1804 932 1866 generum
952 1785 1060 1853 cauiiu
1074 1785 1162 1873 atque

366 1899 488 1964 naturis
499 1897 607 1960 omnia
620 1895 677 1960 lita
690 1895 762 1974 effe,
785 1917 859 1978 quae
872 1885 905 1959 in
918 1898 1060 1965 dubium
1076 1920 1160 1966 vota·
1196 1939 1198 1968 :

365 2020 498 2088 rentur3
527 2030 645 2093 genera
660 2021 768 2075 autem
785 2008 847 2073 eise
861 2009 1014 2089 definita,
1040 2035 1104 2078 non
1118 2013 1157 2077 so·

363 2127 432 2192 lum
452 2143 608 2200 numero,
633 2124 799 2187 sedetiam
825 2124 1009 2207 paucitatet
1040 2136 1078 2191 ut
1098 2145 1159 2192 eam

366 2240 532 2303 materiem
557 2237 733 2320 orationis,
757 2257 828 2319 quae
848 2238 996 2320 cujusque
1017 2239 1096 2306 effet
1114 2261 1159 2324 ge·

364 2355 474 2428 neris,
498 2349 623 2415 studiosi
648 2351 705 2432 qui
728 2349 827 2413 essent
847 2352 995 2429 dicendi,
1018 2355 1159 2433 omnibus

366 2466 447 2529 locie
472 2465 686 2546 descriptam,
714 2463 922 2539 instrutiam,
954 2476 1159 2548 ornatamque

366 2578 688 2659 comprehenderent,
718 2578 811 2639 rebus
833 2578 904 2639 dico
929 2575 962 2640 δι
990 2577 1160 2644 sententiis.

235 2736 238 2743 Α
300 2704 351 2768 146
366 2691 424 2751 Eae
448 2689 478 2753 vi
500 2689 552 2749 sua
573 2690 668 2755 verba
689 2689 832 2770 parient,
854 2709 926 2771 quae
947 2690 1075 2774 semper
1094 2691 1161 2754 satie

365 2809 476 2864 ornata
488 2801 566 2862 mihi
579 2801 709 2883 quidem
725 2802 825 2865 videri
840 2801 949 2877 solent,
972 2801 994 2865 ti
1011 2802 1160 2886 ejusmodi

363 2914 454 2989 sunt,
477 2921 516 2977 ut
535 2928 574 2976 ea
596 2931 647 2976 res
663 2913 728 2995 ipsa
742 2912 893 2997 peperisse
907 2915 1067 2980 videatur.
1108 2919 1162 2993 Ac,

364 3026 390 3092 si
408 3045 519 3091 verum
532 3027 695 3107 quaeritis,
719 3030 804 3109 quod
819 3028 897 3090 mihi
910 3029 1041 3110 quidem
1059 3031 1164 3094 videa·

364 3150 421 3205 tur
444 3136 543 3222 (nihil
561 3141 647 3204 enim
665 3141 751 3201 aliud
768 3139 927 3203 affirmare
947 3140 1089 3223 possum,
1111 3138 1164 3206 oili

364 3254 551 3351 sententiam
572 3251 606 3317 δι
626 3252 810 3334 opinionem
825 3256 948 3338 meam)
973 3258 1034 3318 hoc
1049 3256 1164 3319 instru-

365 3378 510 3431 mentum
529 3365 694 3428 causarum
716 3363 748 3428 ἃ
770 3386 923 3446 generum
943 3368 1165 3433 universorum

363 3479 520 3545 lusorum
540 3480 663 3541 deferre
684 3481 851 3556 debemus,
875 3501 997 3561 nsque,
1015 3493 1061 3545 ut
1076 3503 1166 3565 qum·

365 3610 429 3678 que
444 3611 497 3658 ree
510 3592 614 3656 delata
627 3593 668 3655 ad
680 3612 741 3655 nos
756 3593 829 3671 erit,
851 3600 922 3658 tum
933 3594 1172 3677 deniquesctu·
