2725 4350
285 495 385 571 ,eto
480 479 952 566 D'Eottnt'oun

159 741 162 746 A
318 672 450 756 agitari,
470 668 628 736 intestenu
641 667 788 746 stultum,
810 670 978 753 cupidum,
999 668 1117 752 leven,

247 778 303 846 33⁰
316 775 448 851 'tilacile
458 782 604 848 homines
618 782 761 847 audituri
774 781 981 847 videbuntur.
1003 782 1119 849 Omni·

318 918 362 965 no
382 896 594 982 probabiliora
613 894 704 973 sunt,
726 913 802 978 quae
819 891 952 959 laceliiti
971 894 1119 976 dicimus,
1144 925 1146 930 ,

320 1028 419 1096 quam
434 1029 506 1095 quoe
520 1010 656 1093 prlotee.
689 1005 774 1071 Nam
789 1005 824 1072 u
837 1007 958 1090 Ingenii
971 1009 1120 1074 celeritas

300 1144 302 1148 ·
319 1123 422 1207 major
438 1111 483 1186 ¹eli
491 1167 502 1199 ,
523 1109 602 1206 quae'
619 1109 750 1204 apparet
766 1121 801 1183 in
818 1120 1063 1204 respondendo,
1086 1121 1122 1188 dc

319 1235 530 1303 humanitatis
557 1233 601 1297 eii
626 1230 795 1317 responsio.
844 1211 1004 1299 Videntun
1034 1234 1119 1299 enin

321 1347 465 1431 quieturi
481 1345 593 1423 fuiffe,
621 1344 678 1409 uiti
700 1345 835 1411 efi'emus
855 1343 1006 1423 laceiiiti,
1030 1346 1120 1411 utin

320 1459 379 1527 itta
404 1461 469 1541 ipsa
496 1459 651 1522 concione
673 1459 755 1521 nihil
776 1461 843 1524 lere
864 1455 986 1522 dietum
1012 1458 1060 1524 est
1082 1460 1121 1524 ub

200 1644 202 1648 ,
320 1573 394 1650 ῑιοο,
416 1572 504 1655 quod
517 1572 649 1654 quidem
664 1572 801 1637 facetius
813 1568 933 1636 ditium
944 1570 1119 1649 videretur,

320 1686 406 1769 quod
420 1704 486 1748 non
500 1693 691 1767 provocatus
706 1683 909 1778 responderit.
954 1685 1037 1749 Erat
1050 1694 1121 1752 aut·

321 1818 375 1892 em
393 1804 483 1861 tanta
499 1792 638 1879 gravitas
659 1798 694 1861 in
714 1797 877 1875 Domitio,
900 1804 990 1861 tanta
1010 1796 1121 1862 auito·

321 1909 401 1975 ritas
410 1955 420 1987 ,
444 1918 498 1987 ut,
521 1910 606 1992 quod
620 1907 698 1974 eilet
711 1909 750 1974 ab
765 1930 803 1973 eo
820 1908 995 1993 objetiunt,
1013 1911 1120 1995 lepore

239 2023 244 2035 ”
322 2024 426 2105 nagia
446 1994 663 2099 elevandum,
687 2040 782 2105 quam
807 2023 1014 2088 contentione
1036 2025 1121 2089 tran·

256 2123 311 2215 57
323 2137 461 2220 gendum
471 2138 644 2204 videretur.
676 2133 708 2201 T
710 2156 764 2200 um
780 2132 951 2220 Sulpicius,
966 2137 1056 2214 Quid
1066 2138 1122 2220 igi·

183 2310 185 2315 .
256 2226 399 2314 231tur?
420 2252 537 2333 inquit,
560 2250 731 2332 patiemur,
753 2249 919 2326 Caeiarem,
943 2251 1001 2333 qui
1010 2270 1122 2334 quam·

323 2383 420 2446 quam
439 2362 543 2429 Crasso
557 2363 690 2428 facetias
710 2364 875 2440 concedit,
896 2370 1006 2427 temen
1021 2365 1122 2428 multo

323 2476 359 2541 iu
380 2498 420 2541 eo
441 2476 544 2540 studio
558 2475 660 2557 magis
675 2475 741 2560 ipse
756 2477 914 2554 elaborat,
936 2496 1002 2540 nou
1022 2477 1122 2559 expli·

322 2607 397 2652 care
419 2589 511 2661 nobis
528 2596 634 2651 totum
658 2609 758 2670 genus
781 2588 842 2653 hoc
859 2587 1008 2670 jocandi,
1031 2590 1128 2673 quale

243 2725 248 2745 ¹
323 2699 373 2778 it,
395 2701 430 2766 ἃ
443 2703 527 2765 unde
540 2703 692 2777 ducatur3
715 2702 888 2784 praesertim
906 2721 980 2764 cum
995 2709 1122 2767 tantam

323 2814 389 2884 vim
409 2813 444 2878 dc
462 2815 633 2899 utilitatem
654 2814 726 2877 salio
739 2813 772 2878 δι
792 2813 981 2879 urbanintis
999 2814 1065 2881 eiie
1078 2817 1127 2879 fa-

256 2934 258 2949 *
322 2926 456 2992 icatur?
479 2927 567 3001 Quid
581 2925 616 3003 fi,
638 2927 741 3006 iuquit
756 2927 873 3005 Julius,
895 2926 1047 2990 assentior
1057 2930 1127 2992 An·

255 3049 309 3114 '232
324 3042 415 3104 ionio
432 3040 567 3117 dicenti,
585 3041 706 3105 nullam
728 3039 790 3105 eise
808 3049 910 3104 artem
928 3039 1029 3103 saus?
1064 3044 1128 3106 llic

287 3196 289 3200 ,
325 3173 399 3218 cum
411 3152 575 3236 Sulpicius
590 3151 772 3231 reticuiiiet,
796 3152 892 3229 Quasi
907 3173 995 3230 vero,
1020 3139 1129 3238 inquit

324 3265 460 3345 Craffus,
483 3267 596 3330 horum
607 3267 758 3350 ipsorum,
778 3268 821 3330 de
836 3265 1125 3349 quibuaAntonius

259 3450 261 3454 Α
324 3379 446 3463 jamdiu
455 3380 606 3462 loquitur,
618 3399 668 3443 ars
682 3380 748 3443 ulla
760 3376 808 3447 itt.
840 3379 1017 3444 observatio
1034 3400 1129 3462 quae·

323 3495 398 3556 dam
417 3493 478 3570 est,
500 3501 538 3558 ut
555 3494 620 3573 ipse
642 3493 742 3569 dixit,
764 3513 876 3556 earum
896 3511 1004 3555 rerum
1016 3539 1027 3570 ,
1052 3512 1127 3577 quae

262 3599 265 3606 ’
323 3605 507 3673 indicendo
526 3606 652 3675 valente
675 3625 748 3692 quae
769 3604 792 3673 st
811 3606 1002 3692 eloquentes
1016 3608 1147 3682 facere¹
