2725 4350
254 503 331 581 ‚a
455 486 923 557 nuoaAronu

288 668 413 732 Omnes
444 665 531 729 enim
554 671 661 748 partes
679 663 769 730 illius
791 662 888 749 ipsius
911 667 1094 750 prudentIae

231 758 1114 866 'nmmuuufflnfflmmwffifflu'

260 898 262 902 ’
288 910 347 971 ea,
369 909 442 975 quae
451 890 666 955 statuerentur
680 891 886 978 inrepublica
904 894 943 958 de
960 894 1024 958 diis
1032 895 1097 959 inr-

291 1006 502 1079 mortalibus,
525 1003 740 1088 antuerpiam
755 1004 955 1086 juventutis,
979 992 1095 1092 sejus-

292 1120 387 1194 titia‚
408 1119 448 1181 de
465 1115 637 1199 patientia,
659 1118 947 1203 detemperantia,
969 1121 1093 1186 demo·
1123 1141 1128 1151 “

293 1235 335 1296 do
353 1245 460 1298 rerum
477 1230 643 1305 omnium,
670 1240 867 1316 ceteraque,
895 1231 960 1296 srne
974 1234 1097 1316 quibus

293 1345 443 1409 civitatee
457 1350 515 1407 aut
527 1341 611 1422 esse,
632 1352 693 1407 aut
710 1344 792 1408 bene
802 1353 939 1410 muratae
949 1345 1013 1413 else
1027 1367 1096 1412 non.

293 1456 434 1543 possent,
461 1470 598 1542 usquam
622 1457 656 1540 in
679 1474 792 1521 eorum
812 1441 950 1526 inveniri
964 1460 1097 1527 libelliu

183 1588 195 1598 ·
239 1587 284 1655 ,ab
297 1572 395 1649 Quod
407 1568 430 1632 fi
443 1576 569 1635 tantam
584 1570 651 1635 vim
668 1588 778 1637 return
795 1573 1008 1637 maximarum
1026 1580 1097 1638 arte

295 1685 352 1774 sua
369 1682 523 1747 rhetorici
544 1683 592 1748 illi
617 1676 765 1747 dotbnres
787 1683 1094 1766 complesterentur:

294 1796 479 1881 quaerebnt,
502 1815 560 1859 cnr
576 1797 616 1859 de
631 1797 814 1879 prooemiis,
836 1796 871 1864 δι
887 1799 928 1864 de
940 1800 1097 1882 epilogis,

295 1909 331 2007 dt
346 1913 387 1975 de
409 1904 591 1989 hujusmodi
606 1910 700 1991 nugis
719 1908 778 1991 (sic
794 1910 881 1975 enirn
899 1914 1094 1995 appellabat)

295 2023 408 2089 teserti
428 2022 528 2086 essent
545 2043 659 2086 eorum
673 2023 765 2086 libri:
788 2025 830 2088 de
847 2025 1031 2089 ciuitatibus
1044 2025 1095 2089 in·

289 2110 481 2209 liituendis,
512 2137 552 2202 de
574 2136 746 2201 scribendis
759 2138 905 2219 legibus,
940 2139 980 2204 de
995 2140 1095 2222 aequi-

293 2259 382 2328 tate,
404 2253 443 2317 de
459 2249 594 2333 justitia,
617 2253 657 2313 de
670 2249 751 2327 fide,
782 2253 820 2314 de
839 2254 1023 2334 frangendis
1041 2274 1096 2317 cu·

189 2429 191 2432 ⁴
292 2364 500 2448 piditatjbus,
532 2365 1006 2441 decnnsormandishominum
1025 2386 1096 2428 mo·

159 2502 168 2512 ·
295 2479 404 2553 ribus,
425 2477 534 2540 littera
551 2476 584 2541 in
599 2497 712 2539 eorum
728 2477 817 2540 libris
832 2479 922 2539 nulla
936 2478 1097 2541 invenire·

249 2598 359 2663 87tur.
393 2588 463 2670 Ipsa
481 2609 557 2651 vero
577 2596 740 2670 praecepta
757 2587 797 2650 fic
811 2589 946 2652 illudere
963 2589 1097 2665 solebat,

293 2710 333 2764 ut
348 2699 541 2776 ostenderet,
563 2720 628 2764 uon
651 2702 748 2764 modo
765 2721 819 2763 eos
836 2700 925 2763 illius
944 2712 1096 2783 expeptes

292 2811 355 2877 esse
373 2812 573 2895 prudentiae,
604 2831 699 2895 quam
725 2811 780 2874 fibi
804 2812 1010 2890 asciscerent,
1042 2815 1093 2878 sed

292 2946 334 2992 ne
352 2925 435 2990 hanc
450 2924 582 3009 quidem
608 2925 707 3008 ipsam
729 2926 856 2990 dicendi
882 2928 1043 2993 rationem
1058 2948 1094 2990 ac

292 3040 381 3106 viam
406 3036 504 3104 nosse.
550 3038 655 3124 Caput
682 3040 770 3104 enim
792 3040 853 3106 esse
883 3042 1097 3105 arbitrabatur
1121 3070 1129 3079 ··

291 3153 442 3230 cratoris,
463 3160 500 3216 nt
517 3151 551 3218 ὃς
565 3151 649 3237 ipfis,
672 3156 756 3236 apud
769 3174 850 3237 quos
865 3162 988 3236 ageret,
1007 3155 1096 3230 talis,

218 3317 224 3327 ,
290 3268 420 3352 qualem
444 3265 474 3330 se
502 3267 565 3350 ipse
589 3274 734 3350 optaret,
766 3269 943 3331 videretur:
977 3268 1009 3330 id
1025 3265 1096 3330 fieri

289 3382 366 3445 vitae
392 3379 549 3461 dignitate
557 3421 572 3456 ,·
607 3383 646 3445 de
667 3399 732 3463 qua
758 3382 836 3444 nihil
868 3381 1020 3445 rhetorici
1045 3379 1096 3443 ilii

287 3491 435 3556 dottores
459 3493 492 3554 in
515 3493 685 3576 praeceptis
712 3493 776 3556 suis
803 3494 1015 3577 reliquissent:
1058 3492 1094 3557 dc

195 3588 197 3595 ¹
287 3605 336 3668 uti
355 3625 481 3693 eorum,
504 3607 561 3690 qui
570 3607 727 3685 audirent,
748 3605 790 3669 fic
802 3605 1008 3673 afficerentur
1022 3607 1094 3670 nni·
