2725 4350
377 484 447 572 3⁶⁶
553 478 1031 552 ononnnonn
1158 495 1175 514 ··

376 660 483 737 tutio,
505 658 541 725 oz
561 661 640 725 item
658 659 694 725 in
714 657 890 726 distributio
910 659 1076 745 suppofitu
1094 641 1167 739 ratio,

378 773 415 841 ἀ
425 771 593 856 permiffio,
617 771 652 840 δι
668 775 794 839 rursum
808 774 873 838 aliu
887 774 1066 855 dubitatio,
1088 776 1167 844 &tn

376 888 540 973 provisum
562 890 733 987 quiddam,
755 886 790 952 δι
810 888 1054 969 dinumeratio,
1072 890 1167 988 ‘didit

377 1000 560 1079 comestio,
584 1001 619 1068 ἀ
640 999 822 1085 diffipatio,
851 1001 886 1072 ,ἃ
912 1006 1002 1084 quod
1024 995 1168 1069 contiuuo

376 1123 469 1196 tum,
492 1114 527 1182 δι
544 1117 780 1199 interruptum,
804 1114 838 1179 δι
855 1115 984 1198 imago,
1010 1116 1048 1183 dt
1064 1112 1168 1200 fibiipi

375 1228 535 1313 responfio
547 1274 558 1308 ,
581 1228 616 1294 δι
637 1228 848 1304 immutatio,
870 1227 904 1294 δι
930 1226 1167 1312 disjunctim&

376 1347 473 1422 ordo,
497 1342 532 1409 δι
546 1343 671 1420 relatio,
694 1339 914 1424 &degreiiio,
940 1342 976 1409 oz
993 1342 1166 1409 circumieri-

304 1463 359 1522 208
377 1458 456 1542 ptio.
501 1457 584 1521 Haeo
603 1457 691 1520 enim
710 1447 780 1517 sunt
794 1457 883 1545 fere,
907 1468 1009 1539 atque
1022 1454 1165 1524 hommi-

374 1572 481 1647 milia,
504 1569 580 1653 (vel
601 1568 694 1652 plura
718 1569 815 1632 etiam
837 1568 900 1635 esse
921 1570 1129 1659 poffuut,)‚q

373 1682 538 1749 sententiis
559 1683 762 1761 orationem,
795 1683 1040 1770 verborumque
1061 1687 1164 1752 mutor·

372 1795 570 1862 mationibus
586 1797 782 1862 illuminent.

305 1921 361 2019 55
440 1910 527 1986 Quae
547 1905 677 1993 quidem
697 1921 750 1988 te,
783 1908 912 1988 Craiie,
942 1911 1062 1992 video,
1084 1908 1164 1996 inqui

374 2025 470 2093 cotta
480 2070 491 2102 ,
515 2025 601 2107 quod
617 2035 693 2086 nota
712 2023 774 2088 effe
792 2023 885 2088 nobis
904 2035 1023 2108 putes,
1049 2027 1112 2092 fine
1128 2028 1165 2089 de·

371 2139 590 2216 finitionibus,
613 2137 646 2203 &
661 2136 726 2203 fine
742 2138 898 2219 exemplis
915 2139 1081 2208 effudiffe.
1116 2140 1164 2219 Ego

372 2277 469 2334 vero,
498 2253 604 2336 inquit
626 2251 766 2330 Craffus,
789 2273 830 2315 ne
850 2253 906 2315 illa
928 2254 1089 2336 quidem,
1111 2269 1163 2337 que

371 2368 574 2452 supradixi,
597 2385 681 2431 nova
707 2369 798 2430 vobis
820 2365 882 2429 effe
906 2368 1111 2447 arbitrabar,
1129 2364 1166 2430 fet

302 2482 531 2550 eoosvoluntati
542 2479 680 2545 vestrum
696 2482 838 2542 omnium
854 2482 960 2561 parui.
995 2482 1062 2546 His
1076 2491 1166 2547 auten

371 2599 412 2660 de
433 2596 531 2659 rebus
554 2590 600 2656 sol
622 2614 675 2657 me
695 2594 750 2656 ille
771 2593 963 2671 admonuit,
995 2605 1037 2658 ut
1058 2596 1167 2660 brevior

371 2708 479 2785 essem,
502 2707 559 2790 qui
574 2704 639 2789 ipse
654 2706 719 2788 jam
735 2707 959 2789 praecipitans,
983 2728 1039 2772 me
1055 2725 1169 2794 quoque

369 2804 442 2887 haeo
457 2820 655 2906 praecipitem
675 2839 768 2901 paene
785 2820 935 2884 evolvere
956 2824 1078 2904 coegit.
1122 2819 1170 2887 Sed

368 2944 478 3000 tamen
494 2932 590 3017 hujus
604 2933 732 3015 generis
747 2933 973 2998 demonstratio
986 2935 1051 3014 est,
1077 2938 1111 3002 δι
1127 2938 1171 3000 do·

371 3047 475 3112 {trina
489 3047 574 3131 ipsa,
596 3047 740 3129 vulgaris
756 3070 766 3124 3
796 3047 868 3109 usus
885 3057 1016 3126 autem,
1042 3045 1172 3133 graviffi·

370 3182 461 3240 mus,
485 3161 518 3226 δι
537 3162 572 3224 in
588 3162 650 3224 hoc
666 3168 737 3224 toto
759 3162 886 3224 dicendi
903 3159 1010 3225 studio
1029 3163 1171 3228 difficili·

300 3294 353 3342 210
371 3297 458 3341 mus.
489 3276 721 3350 Quamobrem,
743 3275 894 3357 quoniam
909 3277 948 3338 de
964 3285 1085 3342 ornatu
1096 3273 1170 3342 omni

293 3463 295 3470 y
370 3390 546 3466 orationis,
574 3388 648 3452 sunt
668 3409 796 3463 omnes,
818 3386 841 3450 fi
861 3408 926 3452 non
945 3391 1125 3473 patefatii,
1144 3394 1171 3451 at

369 3511 458 3564 certe
480 3502 719 3567 commonstrati
734 3502 816 3565 loci:
839 3522 944 3579 nunc,
970 3505 1051 3587 quid
1069 3517 1169 3589 aptum

368 3615 423 3709 fit,
443 3619 511 3687 hou
524 3616 584 3701 ei,
605 3618 685 3703 quid
696 3617 835 3679 numme
843 3618 955 3682 deceat
967 3616 1003 3682 in
1020 3622 1166 3691 oratione,
