2725 4350
355 514 424 603 ,σι
527 508 610 577 oa
653 502 1046 636 οιιτοιιι

279 685 456 766 bant,
479 686 652 752 tendebant
666 690 796 758 tamen,
819 686 857 744 ut
872 678 908 745 oz
920 680 981 746 iila
997 680 1102 747 effent
1116 701 1159 768 pa·

337 822 409 869 rra
416 848 428 882 ,
450 821 524 885 quae
543 802 703 875 dicerent,
727 792 762 861 δι
785 782 969 879 aequalibus
988 796 1195 912 interspira:

357 917 500 982 tionibus
518 918 711 996 uterentur„
765 909 773 979 ⁴.

261 1094 265 1102 ,
291 1022 349 1112 52
424 1028 564 1113 Exposui
582 1028 668 1104 tere,
691 1031 731 1089 ut
742 1022 857 1108 potui,
880 1041 956 1108 quae
975 1024 1162 1091 maximeai

289 1121 343 1184 ¹⁹⁹
358 1139 509 1210 ornatum
526 1141 680 1206 orationis
694 1140 853 1222 pertinere
867 1139 1064 1206 arbitrabar.
1096 1137 1160 1205 Diri

357 1234 446 1323 enirn
472 1262 512 1324 de
531 1254 730 1337 fingulorum
753 1253 851 1317 laude
873 1253 1077 1332 verborum,
1107 1228 1161 1318 diri

356 1375 398 1438 de
418 1367 645 1455 conjuofflone
658 1386 787 1442 eorum,
810 1364 878 1431 disi
899 1366 941 1428 de
961 1386 1106 1433 numero
1122 1376 1160 1431 at·

354 1483 420 1571 que'
434 1463 549 1549 torma.
594 1480 655 1545 Sed
671 1478 696 1541 fi
713 1479 859 1543 habitum
876 1480 1039 1546 orationis
1060 1481 1159 1555 etiam,

355 1598 393 1665 δι
413 1596 502 1681 quati
522 1597 662 1660 colorem
685 1592 826 1676 aliquem
850 1593 1045 1676 requiritis,
1068 1594 1112 1661 eti
1131 1590 1157 1657 it

239 1776 242 1796 ‚
352 1712 448 1795 plena
464 1712 608 1793 quaedam
620 1693 638 1784 ,⁵
652 1708 706 1772 sed
721 1715 829 1770 tamen
848 1715 937 1772 teres
950 1728 960 1772 z
972 1699 1022 1773 ’δι
1043 1702 1156 1780 tenuis,

351 1843 417 1888 non
432 1820 498 1887 iine
511 1824 620 1888 nervis
633 1811 671 1886 ao
687 1821 825 1891 viribus:
849 1819 883 1884 δι
895 1838 946 1899 ea,
973 1802 1053 1904 qu'ae
1069 1822 1157 1906 parti·

351 1956 430 2036 ceps
453 1938 618 2019 utriusque
638 1934 765 2020 generis
781 1927 919 2016 qua'dam
938 1937 1157 2001 mediocritate

325 2099 328 2105 .
352 2031 513 2115 laudatur
559 2052 621 2114 His
635 2049 738 2112 tribus
754 2045 865 2128 figuris
881 2045 1020 2112 infidere
1033 2050 1156 2133 quidam

342 2140 541 2251 venustatis,
562 2181 627 2226 non
638 2162 713 2226 fuco
728 2161 790 2224 iliit
777 2168 840 2235 tus,
863 2160 915 2225 sed
931 2161 1095 2246 sanguine
1107 2161 1157 2227 dii·

280 2258 404 2340 ἕΜΓ
351 2280 404 2344 fus
402 2299 439 2341 us
461 2279 556 2340 debet
577 2276 677 2340 color.
722 2274 812 2339 Tu'm
832 2276 977 2371 denique
997 2279 1095 2342 nobis
1113 2277 1157 2340 hic

350 2411 407 2454 ora
409 2398 461 2453 tor
478 2391 525 2452 ita
542 2389 790 2452 conformandus
805 2387 851 2451 est
868 2387 902 2453 δι
916 2391 1025 2454 verbis
1043 2391 1079 2456 iis
1096 2392 1158 2454 ien·

346 2504 478 2577 tentiis,
501 2509 556 2576 ut,
580 2475 848 2583 quemadmodum
867 2502 926 2585 qui
945 2512 1095 2568 utuntur
1115 2523 1158 2567 ar·

348 2618 491 2682 mis'aut
504 2613 665 2698 palaestra,
687 2635 752 2678 non
770 2615 869 2677 solum
886 2614 943 2679 fibi
964 2617 1092 2681 vitandi
1110 2621 1158 2680 aut

347 2731 486 2794 feriendi
504 2729 661 2791 rationem
676 2728 739 2794 effe
754 2729 933 2792 habendam
949 2739 1089 2812 putant,
1113 2729 1157 2794 sed

346 2844 461 2920 etiam,
483 2849 604 2907 utrum
619 2824 782 2906 venustate
796 2851 1009 2906 moveantur:
1033 2844 1078 2907 fic
1094 2863 1158 2908 ver·

345 2957 397 3023 bis
414 2931 548 3040 ‘quidem
570 2957 612 3018 ad
630 2964 739 3037 aptam
760 2953 1026 3034 compofitionem
1055 2958 1089 3023 δι
1108 2959 1159 3020 de·

345 3071 508 3147 centiam,
530 3069 694 3133 sententiis
715 3089 789 3133 vero
813 3071 854 3132 ad
872 3070 1067 3151 gravitatem
1089 3090 1158 3134 ora-

344 3174 443 3247 tionis
467 3190 575 3246 utatur
593 3180 644 3263 [ut
660 3183 705 3260 ii,
728 3182 832 3266 quiin
852 3202 1018 3247 armorum
1040 3183 1159 3249 trasta·

274 3301 327 3352 201
343 3298 434 3361 tione
448 3296 637 3381 versantur].
660 3297 852 3360 Formantur
869 3307 979 3361 autem
994 3297 1028 3362 δι
1047 3300 1155 3373 verba,

343 3408 380 3474 δι
396 3387 560 3474 sententiae
576 3429 668 3491 paene
684 3411 953 3490 innumerabiles,
978 3415 1070 3495 quod
1086 3411 1156 3474 satis

340 3522 542 3604 scionotum
567 3523 629 3588 eiie
649 3525 760 3590 vobis:
784 3524 836 3586 sed
862 3525 948 3588 inter
973 3526 1157 3589 conforma·

338 3622 464 3702 tionem
486 3638 659 3708 verborum
674 3637 957 3735 &sententiarum
975 3638 1040 3705 hoc
1056 3639 1155 3704 inter·
