2725 4350
360 517 424 590 ,33
532 497 1004 566 unouaronn

360 698 422 743 nna
435 673 584 759 patientis
602 693 640 738 ac
656 671 754 739 lentie
779 680 832 748 ut,
855 689 930 738 eum
942 673 1161 761 eatopermt

359 791 412 856 sus
426 789 503 855 esset
522 791 561 853 ab
580 809 637 864 en,
659 787 716 869 qui
731 806 837 850 arcam
849 787 997 866 ferebat,
1022 811 1097 854 curn
1113 795 1159 858 illa

359 905 491 979 diceret,
516 903 614 967 Cave.-
636 897 773 981 rogavit,
793 902 946 983 numquid
958 903 1056 968 aliud
1062 903 1159 990 ferret

292 1047 343 1100 280
359 1025 485 1101 praeter
506 1025 633 1078 urcumr
662 1013 770 1076 Etiam
787 1009 932 1084 stultitiae
955 1014 1039 1080 salsa
1060 1037 1159 1101 repre·

359 1127 484 1194 hensio:
507 1136 544 1191 ut
557 1127 610 1190 ille
622 1124 760 1200 Siculus,
782 1125 837 1190 rui
851 1135 976 1208 praetor
988 1127 1102 1214 Scipio
1112 1149 1160 1214 pa·

358 1250 487 1306 tronum
508 1241 609 1304 eausae
627 1241 722 1304 dabat
743 1238 897 1320 hospitem
916 1237 1032 1321 suum,
1062 1241 1159 1307 homi·
1189 1251 1192 1260 '

358 1377 433 1422 nem
450 1355 605 1428 nubilem,
627 1352 678 1416 sed
693 1354 864 1417 admodum
875 1349 1036 1446 stultum:
1066 1355 1158 1442 Quae·

318 1449 323 1466 ¹
351 1467 405 1555 so,
427 1466 551 1559 inquit,
571 1474 717 1548 praetor,
736 1457 920 1547 adversario
933 1481 1004 1540 meu
1017 1467 1063 1547 dn
1077 1471 1157 1559 ifluu
1193 1503 1196 1581 p

357 1593 545 1666 patronum,
567 1577 674 1642 deiude
685 1577 759 1640 ruisti
769 1579 917 1642 nerninem
928 1577 1073 1646 dederim
1095 1583 1156 1648 lla-
1194 1583 1196 1605 '

357 1705 434 1760 vent
452 1695 507 1756 illa
520 1692 635 1769 etiam,
658 1711 731 1770 quur
746 1689 929 1772 conjeuura
943 1694 1156 1776 explanantur

351 1791 450 1890 lunge
475 1807 590 1882 aliter,
613 1813 712 1885 atque
733 1801 803 1872 sunt
815 1845 826 1881 ,
850 1801 903 1868 sed
920 1813 1046 1884 acute,
1069 1815 1155 1892 atqua

350 1922 531 1985 'concinnet
554 1926 608 1996 ut,
632 1937 707 1982 curn
723 1904 864 1980 Scaurus
881 1913 1053 2010 accusaret
1071 1919 1154 1986 Ruti·
1195 1907 1197 1938 ¹

355 2036 437 2102 lium
459 2032 615 2106 ambitus,
639 2021 794 2111 cumipse
814 2028 1025 2095 consuluiset
1046 2031 1155 2108 latiur,
1195 2043 1198 2052 '

354 2150 410 2215 ille
425 2147 580 2229 repulsam
592 2142 720 2219 tulisset,
743 2142 905 2221 &ineius
921 2143 1045 2209 tabulis
1060 2147 1155 2211 oslen-

354 2266 446 2328 deret
460 2262 593 2335 litteras,
609 2261 658 2320 Ἀ.
676 2258 711 2321 F.
726 2258 761 2322 Ρ.
780 2259 818 2320 ll.
831 2258 928 2338 idque
942 2259 1073 2323 diceret
1090 2258 1154 2335 esse,
1196 2261 1198 2267 ’

358 2392 518 2441 acnvrr
554 2392 658 2434 erni:
691 2392 724 2434 Ρ.
757 2390 975 2448 nvr1u113
1014 2372 1155 2437 Rutilius

353 2498 472 2562 autem,
496 2494 566 2550 ante
578 2484 706 2566 sussum,
722 2484 785 2566 post
803 2484 954 2559 relatum
979 2484 1015 2551 C.
1028 2485 1155 2563 Canius,

353 2621 450 2684 eques
472 2600 653 2672 Romanus,
678 2615 751 2659 curn
775 2596 857 2658 Rufo
878 2594 1023 2674 adesset,
1052 2602 1155 2663 excla-

353 2722 439 2788 mat,
461 2720 613 2775 neutrum
629 2709 694 2771 illis
720 2708 835 2771 litteris
855 2710 1025 2775 declarari.
1078 2708 1156 2796 Quis

351 2798 451 2909 argu?
472 2824 576 2906 inquit
590 2818 745 2896 Scaurum
771 2820 923 2886 Aemilius
931 2820 1032 2906 serit,
1053 2824 1155 2909 plessi-

285 2939 340 3026 70
354 2948 409 3003 tur
423 2932 581 3002 'Reatiliuu
634 2934 791 2997 Ridentur
812 2934 908 2996 etiarn
928 2936 1153 3017 discrepantia.

204 3098 208 3107 .
284 3033 333 3086 ²⁸¹
358 3053 442 3141 Quid
453 3048 523 3113 sauir
534 3046 631 3131 abest,
652 3050 686 3109 m'
697 3068 707 3109 r
720 3067 773 3110 res
790 3045 828 3114 ss
841 3048 968 3109 virture
998 3052 1094 3113 Bella
1109 3059 1153 3115 et.

351 3166 418 3232 iam
430 3161 473 3228 est
485 3161 649 3227 sarniliaris
664 3157 875 3241 reprehensio,
897 3156 984 3242 quasi
997 3164 1153 3228 errantia:
1199 3196 1201 3201 ·

351 3288 482 3343 utrum
507 3272 686 3355 objurgavit
706 3271 821 3336 Albius
844 3269 1024 3351 Granium,
1050 3278 1153 3359 quot,

352 3412 425 3454 num
443 3386 511 3470 ejus
527 3386 643 3450 tabulis
658 3385 807 3468 quiddam
824 3384 959 3449 Albucio
975 3391 1152 3469 probatum
1199 3394 1201 3401 '

351 3504 537 3575 videretur,
568 3497 714 3563 &valde
738 3498 879 3563 absoluto
898 3494 1047 3563 Scaevola
1077 3523 1153 3585 gau·

351 3597 458 3693 deret5
481 3631 587 3696 neque
604 3611 814 3693 intelligeret,
837 3620 946 3675 contra
966 3609 1043 3679 suas
1060 3618 1152 3683 tabu·
