2725 4350
262 549 265 558 .
354 495 422 585 ηε
486 495 551 564 on
579 469 1039 564 mimicorum.

357 671 514 748 Primum,
532 671 604 755 quic
618 668 761 735 Antonio
772 667 927 754 permifit,
941 661 1068 754 inquit,
1081 655 1153 738 itii
1182 689 1185 694 ·

358 794 466 878 portes
480 787 609 862 iaceret,
623 782 669 862 dr,
684 793 789 848 utram
799 784 911 860 vellet,
929 785 1026 866 prior
1040 784 1102 868 ipse
1114 780 1155 848 iu}

359 897 490 964 neret?
519 899 649 973 deinde,
672 895 695 960 fi
713 916 772 979 ego
791 894 879 961 reste
899 897 1073 977 intellexi,
1093 915 1155 960 cun

299 1005 306 1083 ἶ
357 1012 453 1078 valde
471 1012 608 1076 libenter
629 1001 796 1087 audirem
823 1009 906 1098 mihi
925 1010 1106 1102 conjuuiie
1120 1010 1157 1075 ei

302 1099 314 1120 k
359 1125 702 1207 visundeutrnquere
718 1125 834 1189 dicere.
878 1123 943 1188 llle
959 1123 1160 1208 vero‚inquit
1193 1199 1196 1206 Ι

358 1238 463 1316 Cotta,
485 1243 672 1302 ornamenta
685 1235 839 1301 orationis
848 1255 916 1299 non
925 1237 1058 1321 attigit,
1070 1255 1160 1320 neque

358 1368 431 1416 enrn
445 1351 585 1425 laudem,
607 1372 647 1413 ex
657 1369 722 1431 qun
734 1349 918 1431 eloquentia
928 1369 1059 1416 nornen
1072 1351 1160 1435 ipiun

358 1464 493 1530 invenit.
530 1461 639 1527 Verbo
653 1463 771 1544 igitur,
791 1462 898 1544 inquit
914 1462 1075 1544 Crnii'un,
1095 1461 1161 1528 mihi
1199 1511 1201 1530 .

290 1585 342 1652 3⁶7
357 1577 488 1660 reliquit
510 1574 698 1651 Antonius,
727 1595 797 1641 rern
818 1574 883 1658 ipse
906 1575 1039 1642 iumiin
1085 1576 1161 1642 'suu

357 1689 471 1764 Caesar,
485 1686 530 1763 Si,
546 1690 633 1770 quod
646 1685 807 1753 difficilius
819 1686 875 1765 eil,
900 1688 935 1752 id
945 1691 1013 1756 tibi
1026 1689 1162 1774 reliquiir

356 1800 401 1866 eii
418 1801 522 1878 nobie,
537 1801 652 1884 inquit,
669 1803 772 1878 causa,
793 1819 852 1865 cur
866 1807 903 1864 te
918 1802 1162 1888 tudine-cupir-

200 1965 205 1976 .
356 1933 454 2007 must
482 1913 545 1991 lin,
567 1917 653 1998 quod
667 1915 812 1992 facilium
835 1913 897 1977 tibi
912 1915 1016 1980 cause
1031 1937 1100 1982 non
1113 1913 1161 1992 ed,

221 2077 223 2084 .
355 2023 415 2092 cur
427 2027 563 2093 recuses.
606 2030 649 2092 Et
661 2028 807 2103 Catulus,
826 2027 929 2105 Quid,
948 2032 1044 2112 quod
1055 2027 1162 2105 dixisti,

354 2140 480 2225 inquit,
504 2140 623 2219 Crasse,
646 2139 668 2204 ir
686 2142 738 2205 hic
749 2140 844 2205 hodie
858 2143 946 2224 apud
963 2151 1003 2209 te
1021 2162 1162 2209 manere·

355 2275 447 2332 mus,
469 2264 639 2318 tenorem
651 2257 743 2319 nobis
760 2255 821 2318 elie
837 2253 1022 2336 gesturum,
1045 2257 1161 2322 nihilne

355 2371 395 2431 cd
415 2366 513 2432 fidem
530 2377 617 2430 tuam
635 2377 728 2450 putor
745 2366 931 2450 pertinere?
955 2368 1054 2435 Tum
1076 2372 1162 2437 coto

352 2479 473 2557 ridens,
491 2480 611 2545 Poliern
624 2482 695 2557 tibi,
711 2481 826 2563 inquit,
837 2478 956 2557 Crasse,
972 2486 1162 2548 concedere:

351 2590 405 2656 sed
421 2594 504 2669 vide,
523 2614 563 2658 ue
579 2594 654 2675 quid
669 2594 803 2658 Catulus
818 2594 967 2658 attulerit
985 2595 1161 2679 religionlr.

353 2724 435 2788 opus
450 2706 511 2769 hoc
525 2704 700 2770 censorium
714 2706 769 2770 est.
797 2708 830 2770 id
843 2715 956 2770 nutem
976 2709 1162 2774 committe·

353 2834 401 2892 re,
412 2817 483 2881 vide
493 2838 587 2901 quam
600 2817 637 2881 fit
647 2821 771 2882 homini
779 2827 871 2901 turpe
882 2820 1047 2887 censorio.
1070 2820 1161 2904 Agite

352 2949 441 3006 vero,
458 2925 639 3015 illeinquit,
656 2942 692 2994 ut
708 2934 818 2996 vultis.
841 2932 894 2995 sed
910 2951 1005 2997 nunc
1018 2935 1161 3018 quidem,

351 3046 503 3125 quoniam
522 3046 553 3108 id
574 3046 728 3127 temporis
741 3044 796 3122 est,
819 3044 1021 3125 surgendum
1038 3047 1162 3122 censen,

351 3154 385 3219 dr
396 3156 676 3239 requiescendum:
694 3159 759 3240 post
773 3158 952 3232 meridiem,
972 3157 1063 3224 dita
1075 3159 1162 3226 vobin

351 3268 396 3333 est
411 3273 631 3345 commodum,
651 3272 823 3352 loquemur
839 3271 982 3352 aliquid,
997 3272 1060 3337 nifi
1082 3277 1163 3339 forte

349 3381 565 3445 incrastinum
584 3381 712 3446 differre
730 3383 892 3444 mavultis.
923 3383 1056 3452 Omnes
1071 3388 1104 3452 se
1117 3385 1163 3452 vel

347 3490 469 3571 diatim,
499 3496 570 3571 vel,
601 3493 711 3578 ssipie
734 3495 802 3579 post
831 3494 1004 3559 meridiem
1033 3504 1164 3576 mallet,

345 3610 594 3698 quamprimum
605 3618 718 3673 lumen
730 3609 841 3672 uud'xre
852 3608 938 3675 uelle
952 3608 1131 3682 dixerunt.
