2725 4350
348 529 411 593 ne
519 497 991 618 uuounroue

348 692 469 781 aliquid
489 695 670 761 existimare
691 690 833 777 poffem,
862 694 976 759 rudem
991 698 1052 760 aut
1065 693 1160 779 igna-

220 791 224 802 ¹
327 826 423 887 orum
437 809 630 875 essevisum.
661 804 726 875 Sed
740 808 806 872 fuir
820 806 931 873 hocin
948 817 1090 895 utroque
1101 832 1158 876 eo·

326 901 328 906 Ι
351 941 441 1001 rum,
478 932 516 987 ut
543 919 669 990 Craffue
690 941 755 986 non
777 929 845 985 tarn
865 920 1040 987 existimari
1059 926 1161 992 vellet

351 1057 417 1106 non
431 1034 582 1112 orarem,
603 1010 706 1120 quam
720 1036 777 1099 rm
792 1035 964 1119 despicere,
978 1036 1014 1101 e
1032 1038 1159 1103 nostro-

268 1172 278 1188 ·
352 1173 425 1221 rum
445 1150 615 1215 hominum
642 1150 679 1217 in
704 1150 792 1214 omni
813 1169 932 1232 genere
954 1153 1160 1230 prudentiam

351 1264 480 1330 Graecis·
499 1266 679 1329 anteferre:
701 1264 865 1329 Antonius
884 1272 993 1328 autem
1007 1267 1160 1347 probabi·

350 1377 466 1445 liorem
488 1375 552 1441 hoo
569 1377 691 1462 populo
711 1377 1159 1444 orationemsore‘censebat

352 1491 459 1568 suam,
483 1488 511 1556 d
537 1491 671 1554 omnino
691 1489 833 1553 didicisse
856 1510 1038 1575 numquam
1066 1503 1160 1575 puta·

244 1671 246 1676 ,
354 1605 462 1677 retur:
492 1613 590 1687 atque
615 1600 802 1687 fiuterque
824 1604 1004 1685 graviorem
1020 1607 1109 1680 fore,
1137 1605 1161 1673 si

243 1738 256 1764 r
353 1718 437 1783 alter
466 1721 691 1795 contemnere,
729 1716 813 1785 alter
844 1737 888 1782 ne
915 1716 1002 1784 nosse
1028 1719 1161 1807 quidem

357 1830 492 1896 Graecos
505 1833 683 1898 ¹rideretur.
1138 1821 1140 1825 ’

334 1947 353 2026 5
421 1945 572 2023 Quorum
585 1944 753 2011 consilium
767 1946 865 2028 quale
877 1946 994 2022 fuerit,
1017 1946 1099 2013 nihil
1116 1947 1162 2012 sa·

345 2075 399 2123 'ne
417 2061 457 2123 ad
481 2058 544 2130 hoc
569 2068 709 2142 tempus.
753 2037 969 2124 illudentem
997 2059 1042 2123 est
1066 2062 1160 2145 hujus

339 2173 509 2240 'institutae
534 2173 712 2257 scriptionis
735 2193 773 2236 ao
794 2173 969 2255 temporis,
996 2177 1160 2241 neminem

355 2289 556 2371 eloquentia,
577 2308 641 2353 non
661 2289 758 2350 modo
776 2285 841 2351 srne
856 2288 983 2351 dicendi
1002 2288 1161 2367 doiirina,

355 2403 471 2467 sedne
489 2399 554 2464 sine
574 2401 662 2465 omni
676 2400 809 2484 quidem
837 2402 1007 2483 sapientia,
1043 2403 1162 2466 florere

313 2504 550 2598 Quanquam&
566 2514 715 2598 praestare
730 2514 875 2597 potuisse.
899 2516 1027 2577 Etenim
1042 2527 1162 2581 ceterae

357 2632 426 2693 fere
447 2638 533 2692 artes
560 2626 590 2691 se
614 2629 688 2709 ipsae
712 2647 769 2710 per
796 2629 827 2691 se
850 2636 981 2689 tuentur
1002 2605 1161 2708 singulae:

345 2738 439 2807 ¹bene
461 2740 567 2804 dicere
591 2752 722 2817 autem,
751 2736 838 2824 quod
865 2738 910 2802 est
932 2739 1089 2816 scienter,
1124 2742 1161 2808 ὃς

356 2852 477 2938 perite,
500 2853 534 2917 δι
549 2862 662 2918 ornate
677 2855 801 2929 dicere,
830 2873 895 2917 non
916 2853 1033 2926 habeat
1046 2854 1163 2920 defini·

355 2959 426 3033 tam
439 2968 581 3050 aliquam
596 2968 777 3049 regionem,
801 2966 897 3050 cujus
911 2968 1059 3032 terminis
1076 2970 1163 3053 septa

354 3088 518 3146 teneatur.
564 3080 700 3156 Omnia,
724 3101 928 3164 quaecunque
942 3084 976 3145 in
992 3083 1161 3149 hominum

354 3192 618 3278 disceptationem
641 3195 756 3259 cadere
774 3193 919 3276 possunt,
941 3197 1023 3260 bene
1039 3195 1112 3260 sunt
1129 3197 1161 3259 ei

354 3309 510 3385 dicenda,
543 3309 601 3390 qui
624 3308 688 3371 hoo
712 3306 743 3371 se
762 3307 848 3390 posse
871 3308 1062 3391 profitetur,
1102 3319 1161 3374 aut

331 3422 550 3507 peloquentiae
565 3443 684 3486 nomen
698 3421 946 3505 relinquendum
960 3422 1016 3487 est.
1047 3424 1161 3498 Quare

352 3536 503 3631 equidem
528 3533 563 3599 ἀ
588 3535 622 3597 in
644 3535 750 3599 nostra
774 3536 924 3612 civitate,
968 3535 1002 3600 dr
1032 3537 1063 3599 in
1091 3537 1159 3618 ipsa

341 3644 490 3729 ‘Gtaeoiau
512 3668 585 3736 quae
595 3648 718 3734 semper
726 3651 796 3718 haec
809 3650 934 3716 mmma
950 3650 1055 3727 duxit,
1072 3652 1159 3715 mul-
