2725 4350
388 469 785 602 'mauult
961 483 1063 610 163'

225 673 396 749 definitio:
419 683 480 754 ut,
504 698 574 741 cum
601 680 781 762 quaeritur,
805 673 880 763 iluid
900 680 938 744 fit
955 674 1025 763 irs,
1062 742 1064 748 s
1162 758 1165 765 ,

220 792 303 872 iquid
318 786 355 851 fir
368 789 438 866 lex,
461 793 538 873 quid
551 789 589 853 fit
603 794 729 858 civitae.
773 794 813 859 Iu
829 798 946 877 quibua
961 796 1023 862 hoc

184 919 193 953 ‘-
223 902 371 985 praecipit
383 906 465 972 ratio
478 892 575 988 atque
586 902 742 983 doitriua,
765 916 805 988 ut
820 908 867 972 vis
880 883 951 990 ejus
966 876 1024 984 rei,

223 1034 320 1098 quam
337 1015 500 1093 definias,
511 1016 553 1080 iic
568 1020 780 1101 exprImatur,
803 1032 841 1083 ut
851 1024 1024 1105 nequeab-

221 1125 261 1193 fit
276 1130 461 1214 quidquam,
483 1150 588 1213 neque
602 1129 744 1213 superfit.
762 1133 876 1210 ,Quod
890 1135 1022 1216 „quidem
1041 1152 1089 1207 109
1109 1139 1110 1144 ’

219 1240 255 1307 in
277 1242 334 1307 iila
355 1242 449 1306 causa
472 1263 577 1329 neque
601 1235 762 1328 Snl'pieius
784 1247 888 1326 feeit,
917 1268 1023 1331 neque

223 1375 284 1437 ego
305 1357 412 1432 faeere
438 1367 574 1422 cunnus
599 1358 679 1423 ium.
725 1357 832 1438 Nam,
861 1369 1037 1443 quantum,

220 1475 360 1551 uterque
378 1467 518 1533 nostrum
535 1472 665 1553 potuit,¹
678 1472 767 1535 omni
785 1474 876 1554 copia
895 1471 1022 1544 dicendi

213 1582 377 1664 ,ditatarit
399 1582 478 1664 quid
490 1581 567 1647 effet
576 1583 770 1667 majestatem
781 1588 939 1651 minuere.
962 1588 1021 1651 Et·

219 1695 307 1759 euim
321 1692 466 1758 definitio
479 1696 618 1777 primum
633 1699 820 1779 reprehenso
834 1702 932 1765 verbo
942 1681 1020 1779 uuo,

221 1816 279 1872 aut
295 1809 422 1885 addito,
445 1818 502 1872 aut
520 1811 647 1890 demto,
669 1810 752 1894 saepe
770 1819 1019 1895 extorqueture

217 1922 392 1986 manibus:
415 1922 531 1985 deinde
550 1940 667 2004 genere
690 1922 756 2005 ipso
772 1922 950 1987 doiirinaru
968 1937 1020 1990 re·

219 2037 306 2100 dolet
315 2035 741 2121 exercitationemque-paene
756 2036 929 2116 puerilem:
945 2048 1019 2100 turn

214 2147 253 2227 βι
268 2149 302 2213 in
315 2148 436 2214 sensum
448 2145 482 2213 δι
492 2148 525 2211 iu
539 2140 679 2212 mentem
689 2147 808 2230 judicia
821 2150 940 2213 intrare
953 2165 1018 2216 nou
1110 2170 1113 2175 ·

217 2261 330 2348 potest.
360 2270 435 2326 aute
449 2262 535 2345 enirn
550 2261 802 2345 praeterlabitur,
825 2280 921 2345 quam
935 2281 1019 2345 prae-

217 2386 310 2462 cepta
327 2376 383 2442 eii.
957 2358 961 2377 ³

282 2489 344 2556 Sed
359 2492 393 2554 in
408 2512 447 2554 eo
463 2508 591 2572 genere,
613 2487 647 2552 in
662 2508 738 2572 quo,
762 2489 860 2572 quale
876 2486 914 2552 fit
926 2489 1016 2572 quid,
1027 2471 1082 2557 26

215 2607 409 2687 ambigitur,
431 2601 547 2668 existit
566 2601 719 2666 etiamen
735 2600 841 2685 scripti
859 2602 1016 2684 interpre-

213 2721 337 2783 tatione
353 2717 436 2797 saepe
454 2716 636 2791 contentio,
658 2715 779 2798 inquo
802 2715 891 2779 nulla
915 2715 1016 2798 potest

213 2831 299 2907 esse,
323 2827 380 2892 uisr
404 2851 445 2893 ex
465 2830 615 2910 ambigua
627 2873 638 2905 ,
660 2827 885 2893 controverfia.
930 2828 1015 2892 Nam

214 2946 294 3010 iliud
311 2943 423 3024 ipsum,
447 2963 522 3005 curu
535 2941 684 3021 scripturn
699 2941 884 3005 aiententia
898 2939 1014 3011 discre-

214 3068 289 3142 pat,
312 3074 414 3137 genus
436 3057 599 3136 quoddam
619 3054 717 3118 habet
730 3054 896 3136 ambigui:
928 3052 1013 3149 quod¹

213 3181 287 3235 tum
302 3169 495 3251 explicatur,
518 3186 594 3230 cum
610 3188 648 3231 ea
663 3169 778 3243 verba,
800 3186 877 3262 quae
891 3166 1013 3242 desunt,
1108 3234 1112 3241 ¹

209 3282 450 3366 suggestaiunta
472 3280 588 3363 quibus
601 3280 717 3343 additis
726 3281 920 3357 defenditur,
944 3279 1013 3342 seu·

213 3399 348 3460 tentiam
367 3395 473 3476 scripti
488 3394 686 3476 perspicuam
703 3390 812 3468 fuisse,
834 3391 868 3458 δι
882 3413 921 3455 ex
934 3410 1014 3462 con·

214 3510 321 3572 trariis
337 3509 458 3591 scriptis
470 3505 494 3570 sr
508 3506 584 3590 quid
597 3505 789 3588 ambigitur,
812 3526 878 3569 non
890 3523 1012 3569 novum

214 3642 315 3705 genus
332 3622 492 3708 nascitur,
515 3619 567 3684 sed
584 3617 757 3702 superioris
774 3618 899 3700 generis
920 3616 1013 3682 causa

767 3731 795 3796 L
817 3751 845 3799 2.
1018 3766 1023 3773 ·

1033 2591 1083 2634 110
1159 2644 1164 2659 x
