2725 4350
355 480 984 611 „a”nnonar0na

292 731 344 797 252
359 716 518 790 solemus,
548 731 613 776 non
637 709 802 775 sustineret
825 697 972 778 alterum
991 733 1098 797 genua
1115 709 1156 782 est

358 828 541 896 imitatione
567 827 738 888 admodum
760 825 960 903 ridiculum,
992 828 1055 908 sed,
1069 829 1155 894 nobie

357 950 483 1008 tantum
508 940 585 1004 licet
604 936 732 1013 furtim,
756 935 941 1020 siquando,
968 937 1002 1004 dt
1024 939 1159 1022 curiana¹

317 1067 321 1074 “
357 1056 452 1120 aliter
464 1054 551 1118 enirn
565 1050 697 1114 minimo
706 1049 750 1113 est
760 1050 906 1115 liberale:
930 1047 1083 1133 tertium,
1096 1054 1155 1120 oria

358 1165 564 1252 depravatio,
586 1183 651 1227 non
664 1163 759 1245 digna
774 1164 882 1227 nobis:
906 1176 1080 1246 quartum,
1103 1171 1155 1234 ob·

358 1279 525 1356 scoenitas,
547 1275 805 1340 nonsolumnon
819 1275 1018 1358 sorodigna,
1042 1277 1153 1346 seduix

357 1391 504 1459 convivio
521 1390 709 1454 liberorum.
756 1387 913 1455 Detradtis
927 1390 1032 1471 igitur
1047 1399 1099 1456 to't
1109 1413 1169 1472 re·¹

356 1507 417 1574 bus
442 1504 566 1569 ex-hoc
592 1500 733 1565 oratorio
754 1502 843 1579 loeo,
872 1503 1000 1566 facetiae
1023 1505 1153 1590 reliqua

355 1619 446 1693 sunt,
469 1635 540 1708 quae
556 1623 612 1677 aut
629 1612 663 1677 in
684 1631 734 1690 re,
757 1623 795 1680 ut
815 1627 891 1679 aute
911 1613 1001 1680 divisi
1012 1662 1025 1695 ,
1051 1617 1154 1702 posita

355 1731 507 1796 videntur
523 1725 595 1803 esse,
611 1734 669 1791 aut
679 1727 715 1790 sn
729 1729 837 1791 verbo:
866 1726 952 1792 Nam
966 1733 1068 1811 quod,
1088 1731 1154 1816 qui·

271 1827 274 1858 ¹
355 1843 555 1924 bustumque
566 1841 669 1905 verbis
685 1831 813 1915 dixeris,
827 1842 968 1904 sanetum
978 1849 1092 1909 tamen
1103 1843 1152 1922 esc,

356 1978 391 2023 re
415 1955 626 2020 continetur:
656 1955 745 2036 quod
768 1931 903 2017 mutatis
926 1955 1047 2020 verbis·
1063 1957 1152 2023 salom

233 2113 238 2125 κ
354 2070 489 2144 amittit,
513 2068 545 2130 in
560 2067 664 2132 verbis
681 2068 776 2130 habet
791 2060 933 2149 leporem
950 2087 1096 2137 omnem.

285 2212 337 2272 253
418 2182 579 2262 Ambigua
601 2181 673 2243 sunt
692 2180 724 2241 iu
743 2181 852 2262 primis
869 2189 982 2256 acuta,
1008 2182 1152 2267 atquesu

353 2299 450 2365 verbo
473 2292 588 2378 posrta,
612 2293 730 2356 nonin
754 2313 808 2356 ret
838 2294 888 2356 sed
905 2314 969 2358 non
985 2295 1071 2378 saepe
1088 2315 1152 2361 rna·

351 2431 450 2494 gnum
464 2406 558 2470 risum
573 2415 723 2481 movent3
740 2404 901 2486 magisque
914 2415 952 2469 ut
960 2407 1092 2474 belle&
1102 2410 1151 2474 sit·

350 2532 453 2589 terate
472 2518 556 2584 ditia
577 2519 772 2582 laudantur:
797 2528 835 2580 ut
849 2518 882 2580 in
900 2518 995 2582 illum
1013 2521 1151 2597 Titium,

351 2652 466 2721 quern,
497 2652 573 2695 cum
597 2631 730 2695 studiose
752 2632 817 2712 pila
841 2632 989 2709 luderet,
1014 2632 1049 2698 δι
1068 2634 1152 2699 idem

350 2747 436 2832 figua
454 2748 538 2811 sacra
555 2741 652 2806 nodio
666 2745 814 2824 frangere
830 2751 1019 2825 putaretur,
1036 2746 1154 2829 'grega-

349 2860 478 2943 lesque,
508 2876 581 2920 cum
603 2857 636 2919 in
659 2875 810 2939 campum
832 2838 895 2920 non
914 2856 1049 2923 venisset
1062 2904 1074 2936 ,
1106 2879 1153 2924 re·

349 2975 532 3059 quirerent‚
554 2969 714 3034 excusavit
730 2968 832 3050 Vespa
851 2968 1047 3049 Terentius,
1070 2944 1155 3055 quod

349 3081 425 3152 eum
442 3083 600 3147 bruchium
608 3080 739 3166 fregisse
752 3084 889 3146 diceret:
913 3084 1049 3149 utillud
1067 3084 1153 3151 Afri·

349 3199 440 3276 caui,
463 3198 548 3280 quod
563 3195 606 3258 est
621 3199 704 3277 apud
726 3197 904 3258 Lucilium:

396 3311 500 3396 Quid?
523 3310 662 3383 Decios,
687 3311 841 3372 Nuculam
866 3327 908 3370 ou
929 3309 1092 3392 confixam
1108 3311 1154 3373 vis

741 3420 868 3505 fucare?
889 3424 1005 3504 iniquit,

282 3539 392 3620 aqut
413 3548 491 3602 tuus
514 3538 658 3612 amicus,
684 3532 804 3607 Crasse,
831 3532 991 3607 Granius,
1017 3554 1083 3596 noo
1105 3530 1153 3622 effe

355 3647 524 3732 sextantis.
569 3650 623 3728 Et,
646 3646 842 3733 fiquaeritis,
864 3648 911 3727 ia,
936 3647 995 3730 qui
1014 3648 1154 3734 appella·
