2725 4350
493 507 710 578 LIBER
749 508 808 577 11⁴
914 511 1048 593 '205

253 693 434 765 ximarum,
455 693 495 748 ut
515 687 634 767 quibua
649 685 745 750 rebus
763 682 868 747 animi
883 682 1052 747 homiuum
1106 705 1116 718 ·
1137 711 1141 718 ·

251 812 475 876 moverentur,
498 810 693 863 teneremus.

299 919 459 997 Equidem
472 915 607 994 primum
621 909 818 974 confiderare
829 908 924 982 solen,
945 908 1052 990 poliu-
1065 931 1120 1019 55.
1150 919 1156 928 “

256 1031 344 1095 letne
356 1027 461 1090 causa.
503 1026 585 1088 Nam
603 1044 706 1107 neque
720 1025 824 1104 pervia
840 1023 873 1085 in
889 1024 982 1085 rebus
996 1024 1052 1085 ad·
1068 1029 1127 1089 205

257 1144 405 1209 hibendae
429 1140 500 1201 sunt
523 1138 575 1201 hae
597 1139 722 1199 dicendi
740 1137 863 1213 iaces,¹
877 1145 984 1217 neque
1006 1137 1055 1199 ita
1082 1201 1085 1206 ,
1157 1111 1165 1178 s

254 1254 407 1321 animatis
422 1252 614 1329 hominibus,
630 1261 672 1314 ut
688 1248 768 1313 nihil
783 1251 948 1322 edentum
964 1253 1060 1314 mene

259 1376 311 1432 tes
322 1366 464 1430 cranone
476 1363 649 1427 flestendas
664 1360 820 1445 proficere
838 1358 997 1445 poffimus,
1013 1382 1058 1427 ne

261 1488 320 1545 aut
331 1476 489 1553 irrifione,
513 1486 569 1541 aut
582 1478 656 1539 odio
672 1477 759 1559 digni
774 1477 939 1560 notemur,
960 1472 983 1537 fi
999 1481 1057 1538 aut

260 1593 431 1674 tragoedias
453 1611 586 1673 agamus
610 1590 776 1672 mangis,
802 1596 858 1652 aut
878 1588 1058 1654 convellere

260 1706 444 1779 adoriamur
457 1724 513 1779 ea,
536 1722 608 1785 qnae
630 1720 693 1764 non
713 1699 827 1784 poliint
849 1701 1056 1767 commoveri.

261 1818 346 1884 Nam
360 1816 510 1900 quoniam
524 1814 595 1877 haec
610 1815 677 1877 iere
693 1794 830 1877 maxime
847 1814 960 1877 suntin
972 1815 1126 1897 judi-aud

262 1952 337 1995 cum
349 1928 475 1996 animis,
497 1936 563 2002 aut,
585 1926 780 2008 quicumque
792 1927 838 1988 illi
852 1937 958 2005 erunt,
972 1930 1058 2010 apud

263 2063 347 2127 quos
373 2060 531 2122 agemus,
563 2039 920 2116 orationemolieuda,
952 2057 1060 2124 amur,

265 2156 389 2230 odium,
403 2153 578 2229 iracundia,
593 2150 724 2240 invidia,
742 2150 965 2230 misericordia,
981 2151 1060 2236 ipen,

264 2267 393 2341 laetitia,
415 2267 529 2339 timor,
552 2265 711 2341 molestia;
741 2265 891 2330 sentimus
918 2279 1060 2329 amorem

267 2380 446 2454 conciliari,
470 2377 493 2440 fi
509 2381 541 2442 id
561 2380 703 2455 videare,
727 2379 813 2471 quod
829 2375 867 2440 srt
880 2379 960 2441 utile
977 2375 1062 2459 ipliu,

266 2496 352 2577 apud
368 2494 449 2577 qdos
466 2511 558 2573 agas,
581 2491 771 2567 defendere3
794 2487 890 2553 fiant
902 2511 957 2574 pro
973 2492 1063 2555 bonis
1080 2542 1081 2547 1

266 2608 364 2683 viris,
387 2617 443 2670 aut
458 2618 544 2670 certe
561 2625 618 2687 pro
632 2605 690 2680 iis,
711 2604 766 2686 qui
784 2604 846 2668 illie
867 2604 943 2667 boui
963 2614 1063 2687 atque
1146 2686 1154 2695 ¹

268 2722 365 2784 utiles
379 2718 450 2796 fint,
473 2719 628 2781 laborare.
661 2717 808 2798 Namque
827 2717 896 2779 haec
911 2737 961 2781 res
976 2738 1066 2790 auno-
1083 2700 1088 2709 ’

270 2853 339 2896 rem
354 2833 454 2913 magis
466 2831 624 2906 conciliat,
647 2830 702 2892 illa
719 2831 847 2892 virtutis
861 2829 998 2894 defensio
1013 2848 1065 2896 cae

272 2945 421 3008 ritatemz
445 2943 577 3025 plusque
593 2940 737 3021 proiicit,
760 2941 983 3023 fiproponitur
999 2942 1067 3021 spec
1121 3006 1140 3018 ,,

270 3057 422 3120 utilitatis
447 3057 592 3129 futurae,
615 3074 710 3136 quum
741 3054 895 3136 praeteriti
920 3053 1068 3119 beneficii

272 3170 546 3242 commemoratio,
601 3169 795 3230 Enitendum
820 3166 879 3244 est,
902 3180 939 3231 ut
966 3167 1068 3231 olien-
1083 3192 1137 3252 20?

273 3285 342 3359 das,
364 3283 398 3344 iu
413 3302 451 3343 ea
462 3301 507 3355 re,
529 3297 625 3359 quam
637 3279 799 3354 defendas,
813 3292 869 3343 aut
881 3281 1068 3361 dignitatern

266 3384 381 3466 *ineisa
398 3405 462 3457 aut
474 3394 659 3465 utilitatem
681 3413 829 3469 eumque,
854 3395 908 3455 cni
920 3393 1084 3457 concilies.
1151 3400 1153 3403 ’

272 3507 361 3571 hunc
380 3482 723 3595 amorem,1srgnificen
741 3506 819 3568 nihil
837 3507 876 3568 ad
896 3506 1069 3569 utilitatem
1101 3544 1105 3553 -

273 3619 364 3686 suam
380 3619 539 3699 retulisse,
562 3637 602 3683 ac·
615 3619 696 3684 nihil
713 3622 842 3686 omuino
854 3616 960 3687 iecilie
974 3617 1079 3694 naula-
