2725 4350
359 485 408 568 μ
466 477 996 564 -nnonnuonu

280 727 283 734 ,
306 608 325 646 χ
362 655 495 731 efficiet,
509 631 548 720 ut
560 674 866 744 quamcunquerern
880 665 1156 744 requoqueooguo·¹
1176 727 1178 732 ,

360 772 423 850 rit,
455 773 495 836 de
515 790 554 834 ea
568 770 670 834 multo
697 772 782 835 dicat
801 772 962 848 ornatius,
992 792 1093 856 quarn
1108 773 1158 839 rllo

314 884 444 970 tuipse,
471 884 557 948 unde
581 884 739 964 cognorit.
804 881 867 951 Sed
887 880 910 946 fi
929 905 982 948 me
1000 887 1156 965 audierit,

357 998 511 1084 quoniam
526 979 725 1080 philosophia
736 997 771 1060 in
790 1005 856 1063 tres
874 1004 981 1079 portes
995 998 1043 1063 est
1058 1001 1158 1068 tribu·

355 1120 400 1190 te,
419 1113 454 1175 in
467 1118 593 1175 naturae
601 1109 838 1196 obscuritatem,
860 1112 895 1174 in
906 1110 1078 1178 differendi
1088 1113 1159 1184 sub-

354 1225 525 1301 tilitatem,
555 1222 713 1289 invitam
738 1233 838 1307 atque
859 1243 982 1302 mores3
1017 1229 1086 1320 duo
1101 1229 1157 1296 illu

352 1338 591 1421 relinquamus,
622 1346 724 1419 atque
743 1335 918 1418 largiamur
937 1337 1066 1404 inertiae
1087 1342 1159 1407 nol·

353 1462 435 1518 trae:
466 1452 601 1514 tertium
626 1470 722 1526 vero,
742 1451 848 1532 ‘quod
875 1452 996 1534 semper
1018 1455 1157 1522 oratoris

352 1566 434 1642 fuit,
457 1562 514 1627 nili
530 1562 733 1638 tenebimus,
764 1561 845 1627 nihil
864 1564 986 1628 oratori
990 1610 1005 1645 ,
1035 1566 1155 1652 inquo

307 1691 489 1770 gomagnus
504 1674 566 1741 effe
579 1672 691 1759 poffit,
712 1675 942 1761 relinquemus.
982 1677 1096 1755 Quare
1103 1681 1158 1752 hic,

350 1794 444 1858 locus
460 1791 500 1854 de
514 1790 581 1855 vitu
595 1786 629 1862 dr
642 1790 785 1852 moribus
796 1798 886 1855 totus
897 1789 941 1854 est
951 1792 1075 1858 oratori
1083 1813 1154 1878 per·

226 1885 234 1910 ⁸
350 1906 538 1983 discendunt¹
559 1900 780 1968 ceterafiu'on
794 1903 954 1981 didicerit,
976 1910 1153 1996 tomenpn.

313 2089 317 2095 ,
349 2020 446 2097 terit,
477 2015 642 2100 siquando
657 2035 740 2102 opus
758 2018 839 2091 erit,
861 2038 977 2084 ornare
993 2019 1132 2088 dicendo
1142 2069 1153 2103 ,

349 2132 490 2200 simodo
516 2139 612 2197 erunt
634 2132 674 2196 ad
695 2149 771 2194 eum
795 2130 921 2208 delata,
957 2131 997 2200 'dc
1021 2136 1154 2202 tradita.

286 2237 524 2323 16Etenims1
550 2243 672 2311 constat
700 2243 784 2309 inter
812 2245 947 2322 dottos,
986 2249 1154 2316 hominem

348 2366 500 2447 ignarum
513 2359 702 2443 astrologiae,
716 2359 866 2435 Aratum,
877 2355 1082 2430 ornatillimis
1101 2372 1155 2429 at·

223 2509 228 2522 =
348 2500 412 2563 que
427 2475 557 2560 optimis
569 2471 711 2538 versibus
729 2473 866 2552 decoelo
883 2471 1042 2557 stellisque
1055 2475 1154 2540 dixis·

345 2593 397 2654 se:
421 2588 498 2653 fide
510 2587 605 2651 rebus
623 2585 746 2649 rusticis
768 2581 930 2650 hominem
948 2589 988 2652 ab
1005 2609 1083 2672 agro
1098 2610 1152 2654 re-

344 2698 563 2775 motiffimum,
586 2697 787 2762 Nicandrum
805 2700 1054 2781 Colophonium,
1075 2706 1152 2788 pod-

253 2893 258 2900 t
343 2815 410 2879 tica
425 2813 564 2897 quadum
578 2811 749 2885 facultate,
772 2832 836 2874 non
851 2812 978 2890 rustica,
1002 2814 1151 2899 scripsisse

263 2953 265 2957 ’
342 2927 518 3015 praeclare:
536 2922 695 3008 quidest,
720 2898 777 2986 cur
795 2945 859 2988 non
875 2937 985 2990 orator
1000 2931 1040 3005 de
1052 2931 1150 2996 rebus

340 3046 383 3109 iis
396 3035 652 3126 eloquentillime
670 3037 766 3103 dicar.
778 3059 857 3122 quas
878 3042 918 3101 ad
933 3052 1058 3106 certam
1074 3063 1153 3107 cau·

299 3161 408 3225 totam
422 3165 614 3239 tempusque
627 3151 798 3234 cognorit?
821 3151 874 3216 Est
887 3154 974 3217 enim
988 3153 1151 3229 finitimus

342 3271 464 3338 oratori
496 3270 606 3352 polita,
644 3266 790 3330 numeris
820 3266 1000 3361 adilridlior
1026 3271 1147 3353 paulo,

340 3386 515 3455 verborum
529 3389 638 3445 autern
651 3377 781 3462 licentia
797 3381 944 3459 liberior,
967 3384 1081 3446 multis
1092 3405 1149 3447 ve-

340 3518 377 3561 ro
404 3495 538 3561 ornandi
552 3492 721 3575 generibus
739 3491 865 3572 socius,
893 3514 930 3557 ac
954 3513 1048 3580 paene
1070 3507 1147 3577 pur:

339 3610 374 3676 in
400 3610 462 3673 hoo
483 3609 612 3692 quidem
634 3613 721 3672 certe
736 3625 835 3690 prope
853 3607 956 3684 idem,
989 3608 1089 3673 nullis
1102 3616 1150 3675 ,ut

1032 3720 1151 3786 terrui·
