2725 4350
355 520 422 586 204
524 501 606 569 DE
643 498 1046 622 *OR'ATORE'

350 676 581 767 ignoscendum
604 675 753 740 hominen
772 675 913 751 dabunt,
943 677 1156 757 tenuisti,-te

222 797 224 802 '
315 806 317 812 ·
354 810 414 875 pro
433 792 563 854 homine
576 766 814 872 pernecessario,
838 786 995 869 quaestore
1012 784 1093 869 tuo,
1114 794 1158 856 di-

357 897 448 980 cer'e;
471 922 568 984 quam
591 902 648 964 tibi
672 883 811 980 primum
835 901 963 965 munisti
986 906 1033 966 od.
1051 912 1087 969 te
1102 924 1158 970 uu-

192 1055 194 1060 ·
291 1042 342 1097 203
359 1020 511 1081 diendum
535 1012 649 1094 viani,
672 1018 756 1079 Ecce
775 1022 901 1088 autem,
925 1034 1000 1079 cum
1025 1026 1063 1081 to
1082 1018 1160 1084 nihil

356 1132 442 1194 eliud
465 1125 628 1209 proiecifl'e
650 1129 851 1202 mitterer,-
870 1124 927 1189 uisr
950 1137 989 1192 ut
1010 1129 1159 1196 hominen

294 1256 299 1265 ‘
354 1244 430 1318 tibi,
454 1242 557 1303 civem
572 1243 751 1322 improbum
768 1240 967 1315 defendenti,
991 1242 1158 1324 ignoscen-

353 1358 430 1420 dum
458 1367 588 1436 propter
604 1350 875 1430 nereiiitudinem
904 1354 1159 1437 arbitrarentur,

352 1468 478 1551 serpere
490 1466 618 1530 occulte
633 1465 775 1542 coeuisti,
797 1467 954 1530 nihildum
970 1467 1047 1532 eliis
1065 1469 1158 1554 suipi-

355 1582 519 1654 cantibus,
542 1599 595 1640 me
612 1597 687 1641 vero
697 1576 762 1660 jem
777 1578 1053 1668 pertimescente..
1064 1593 1107 1647 ut
1119 1584 1157 1647 il·

352 1693 441 1767 iam,
472 1712 537 1754 non
562 1690 702 1755 Norbani
728 1691 935 1768 seditionem,
964 1691 1017 1757 sed
1043 1697 1155 1777 popuii

337 1805 491 1871 Romani
513 1804 729 1886 incardium,
759 1824 866 1884 neque
891 1823 963 1868 eam
986 1806 1153 1889 injustum,
1176 1833 1180 1838 ·

352 1919 403 1984 sed
428 1918 574 1981 meritam
601 1919 804 1997 redebitum
832 1914 922 1981 fuisse
952 1920 1154 1988 defenderer.

236 2012 240 2017 ⁵
353 2025 480 2097 Deinde
494 2030 552 2111 qui
573 2031 662 2093 locus
680 2033 736 2093 abr
756 2041 788 2092 te
802 2029 1031 2111 praeterrniffus
1056 2034 1104 2097 est
1119 2034 1151 2109 iu

353 2142 563 2226 Caepionem?
591 2152 626 2206 ut
647 2154 684 2207 tu
706 2143 761 2221 ilie
778 2145 885 2237 omniu
902 2144 997 2233 odio,
1019 2144 1152 2225 invidia,

351 2259 566 2322 misericordia
580 2255 753 2320 misouiffl?
784 2246 898 2337 Neque¹
912 2236 983 2318 hae'e
1000 2257 1102 2322 solum
1119 2260 1152 2324 iu

350 2369 548 2444 defensione,
571 2367 621 2433 sed
642 2371 740 2432 etiam
761 2369 795 2431 in
811 2367 950 2443 Scauro,
974 2373 1151 2455 ceterisque

349 2485 431 2546 meis
446 2475 595 2558 testibus,
617 2502 751 2564 quorum
771 2480 952 2543 testimonie
970 2501 1038 2546 non
1058 2487 1152 2550 reiel·

340 2595 463 2673 ¹leudo,
486 2594 538 2658 sed
556 2597 594 2658 ad
611 2599 749 2657 eundem
769 2594 926 2673 impetum
947 2597 1061 2676 popuii
1076 2619 1150 2661 con.

267 2709 517 2788 confugiendo,
541 2705 694 2771 refutasti.
740 2705 823 2780 Quae
839 2725 911 2768 curu
930 2709 1037 2772 abste
1055 2715 1148 2777 modo

304 2838 306 2845 ·
348 2828 695 2895 commemorarentur,
717 2821 865 2901 equidem
881 2820 970 2882 nulla
986 2830 1152 2906 praecepte

227 3010 230 3019 ¹
349 2929 572 2996 defiderabam.
609 2929 699 2993 istam
724 2931 809 2994 enim
831 2931 928 3012 ipsam
949 2933 1151 3001 demonstra·

345 3045 466 3107 tionem
477 3042 693 3108 defenfionum
706 3053 848 3117 tuarum,
861 3045 916 3106 abs
928 3054 962 3108 te
975 3045 1042 3128 ipso
1058 3069 1149 3113 corn·

344 3167 574 3233 memoratam,
597 3157 772 3220 dominam
788 3155 850 3219 eise
866 3176 930 3219 non
950 3161 1150 3226 mediocrem

344 3278 434 3352 puto.
480 3269 589 3349 Atqui,
611 3266 696 3333 snitu
711 3270 825 3349 placet,
848 3270 1148 3351 inquitAntonius,

343 3382 643 3458 trademusetiam,
673 3401 747 3462 quae
767 3400 825 3444 nos
840 3381 927 3463 sequi
943 3382 976 3444 in
993 3383 1147 3462 dicendo,

343 3512 482 3574 quaeque
503 3495 641 3556 maxime
663 3491 801 3575 spediare
824 3492 971 3557 solemus.
1019 3496 1149 3564 Docuit

341 3603 429 3671 euim
439 3604 505 3701 jum
524 3625 583 3674 nor
599 3608 695 3690 lunga
713 3608 778 3673 vita
794 3605 926 3691 ususque
945 3624 1057 3673 rerum
1073 3631 1150 3679 ma·-

876 3765 894 3803 a
935 3822 940 3829 .
