2725 4350
476 471 821 605 'uuvrva
882 497 1077 638 '“3e

265 707 443 794 proprium·
455 703 518 772 effe
534 705 724 786 Atticorum
741 706 875 784 volunt3
899 701 986 772 reste
1002 705 1074 771 lau-

267 825 362 887 dent.
405 817 460 885 Est
472 820 559 883 enim
573 820 607 884 in
622 828 691 885 crte
699 827 802 898 tanta,
825 826 958 902 tamque
972 819 1074 897 varia,

268 936 377 1010 etiarn
386 933 465 999 huic
473 933 611 1013 ⁴minutae
623 933 791 1018 spbtssitati
801 934 908 1033 locus.
938 933 988 996 Ita
1003 930 1072 1010 fiet.
1104 1014 1113 1026 „

270 1057 399 1112 utnon
424 1065 564 1125 omnm,
592 1046 650 1127 qui
674 1048 810 1123 Attice,
842 1047 941 1111 iidem
969 1047 1070 1121 bene;
1138 1103 1143 1115 .

267 1160 342 1239 sed,
363 1166 409 1225 ut>
424 1179 555 1237 omnen,
578 1160 634 1243 qui
649 1160 747 1237 bene,
768 1159 866 1225 iidem
888 1160 987 1225 etiam
1009 1158 1072 1223 At-

265 1273 335 1339 tice
354 1248 473 1340 dicant.
521 1270 585 1338 Sed
602 1275 771 1340 redeamus
790 1274 896 1340 rursus
918 1275 959 1341 ad
983 1271 1082 1337 Hor?
1197 1291 1201 1304 ·

262 1385 417 1452 tenfium.
526 1424 528 1428 .
875 1395 882 1406 ⁸

292 1531 296 1538 ·
331 1497 418 1564 Sane
430 1499 570 1583 quidem,
592 1500 697 1585 inquit
711 1497 847 1569 Brutus}
869 1515 1068 1585 quamquam
1081 1502 1136 1595 85

263 1612 325 1678 ilia
336 1612 417 1677 mihi
432 1621 487 1678 tua
500 1614 563 1677 luit
577 1613 777 1702 perjucunda
789 1634 809 1679 a
822 1612 979 1699 proposita
994 1629 1066 1675 ora·
1084 1607 1138 1662 29²

264 1729 358 1790 tione
377 1724 537 1810 digreffio.
587 1725 674 1792 Tun
698 1730 861 1807 Atticus,
883 1726 1070 1809 Aliquotien

262 1840 346 1917 sum,
367 1839 485 1924 inquit,
506 1848 652 1919 conatus,
674 1839 728 1906 sed
742 1842 946 1925 interpellare
962 1838 1066 1904 nolui.

263 1952 383 2032 Nunc,
406 1954 615 2035 quoniamad
628 1957 845 2039 perorandum
860 1952 1002 2039 speiiare
1017 1951 1067 2018 vi·
1117 1960 1120 1966 '

261 2067 358 2133 detur
372 2065 594 2145 sermotuun,
606 2069 722 2149 dicam,
745 2070 868 2149 opinor,
892 2069 978 2149 quod
997 2066 1066 2138 sen·

254 2183 320 2245 tin.
348 2179 423 2245 ’Τιι
442 2200 543 2259 vero,
565 2182 724 2265 inquam,
749 2183 837 2248 Tite.
883 2182 973 2246 Tum
997 2181 1065 2258 ille,

259 2295 342 2377 Ego,
362 2293 478 2377 inquit,
501 2295 635 2359 ironiam
649 2296 750 2373 illam,
773 2316 869 2377 quarn
882 2297 916 2358 in
933 2294 1064 2356 Socrate

260 2410 374 2472 dicunt
389 2407 496 2484 inille,
520 2428 583 2491 qua
599 2411 655 2472 ille
670 2411 704 2471 in
723 2410 875 2485 Plutonia,
899 2408 931 2472 ἃ
950 2407 1064 2491 Xeno·

258 2520 407 2604 phontis,
435 2519 469 2586 ἃ
487 2523 652 2586 Aeschinis
670 2523 759 2587 libris
778 2525 900 2599 utitur,
923 2524 1062 2588 facetam

259 2633 492 2716 &elegantem
510 2644 600 2718 puto.
628 2636 682 2699 Est
701 2638 787 2700 enim
805 2636 839 2703 δι
855 2637 988 2700 minime
1009 2635 1061 2699 in·

257 2748 324 2828 epti
339 2747 495 2825 hominis,
520 2748 554 2814 δι
572 2750 713 2831 ejusdem
732 2752 829 2816 etiam
845 2752 961 2828 faceti,
984 2771 1059 2815 cum

259 2862 298 2924 de
312 2861 464 2942 sapientia
480 2861 684 2945 disceptetur,
708 2865 790 2927 hanc
809 2864 865 2931 fibi
882 2866 983 2948 ipsum
1002 2867 1059 2930 de·

256 2974 403 3049 trahere,
433 2974 481 3038 eis
504 2977 645 3040 tribuere
668 2978 877 3054 illudentem,
907 2978 963 3060 qui
986 2998 1058 3067 eam

255 3083 312 3149 fibi
332 3096 501 3168 arrogant:
525 3097 562 3151 ut
578 3092 660 3168 apud
678 3091 845 3156 Platonem
862 3091 1008 3157 Socrates
1016 3091 1058 3156 ,in

256 3199 379 3261 coelum
407 3200 502 3264 effert
531 3203 681 3268 laudibus
705 3204 934 3288 Protagoram,
976 3205 1058 3286 Hip·

253 3312 353 3392 piam,
378 3313 559 3391 Prodicum,
582 3315 753 3398 Gorgiam,
775 3327 915 3394 ceteros3
940 3320 969 3382 ie
985 3326 1058 3382 aut·

254 3445 308 3487 em
326 3424 471 3489 omnium
493 3450 602 3494 rerum
622 3431 753 3496 insulum
769 3431 860 3514 fingit
877 3432 910 3496 δι
933 3437 1056 3496 rudem.

254 3539 349 3601 decet
372 3539 433 3602 hoc
457 3543 561 3606 nescio
580 3549 743 3626 quomodo
764 3546 875 3608 illuma
899 3565 958 3609 nec
977 3545 1056 3628 Epi-

253 3657 353 3731 curo,
376 3653 482 3737 quiid
498 3659 713 3741 reprehendit,
736 3658 897 3724 all'entioa
942 3658 1005 3726 Sed
1018 3661 1053 3723 in

803 3771 881 3859 X4
979 3788 981 3794 '
