2725 4350
324 467 416 594 *m
512 452 990 592 nnonunonn

299 690 341 756 ⁸7
353 686 418 751 ulia
438 692 508 750 erte
530 682 593 750 effe
612 705 797 752 commune.
842 682 906 750 Sed
927 684 1001 749 siin
1018 686 1157 755 hacuna

211 791 213 796 ’
349 799 398 867 est
412 820 452 865 ea
467 800 549 863 ratio
570 817 653 881 aque
668 798 833 864 desirina:
855 820 939 877 non,
961 798 986 861 s1
1002 802 1061 883 qui
1079 805 1158 892 asia-

296 931 302 942 '
345 936 425 983 eum
435 914 554 979 artium
568 913 649 977 bene
665 908 767 978 locuti
780 913 863 992 sunt,
877 890 924 978 1εο
940 892 1048 1002 nninus
1065 916 1100 979 id
1114 915 1157 982 est

303 1020 305 1024 ’
350 1027 448 1111 hujus
468 1029 564 1092 unius
581 1026 850 1111 proprium3sed
871 1036 909 1093 ut
931 1036 1040 1092 orator
1061 1030 1102 1093 de
1117 1030 1158 1094 iin

349 1132 466 1233 rebus,
489 1160 565 1227 quae
584 1150 764 1206 ceterarum
778 1142 896 1205 artium
911 1141 996 1217 sunt,
1019 1140 1155 1217 simodo

337 1274 407 1324 ω
424 1256 582 1340 cognorit,
604 1253 660 1337 (ut
674 1255 745 1319 heri
758 1252 884 1321 Crassus
900 1251 1052 1331 dicebat)
1073 1253 1157 1348 opti·

346 1381 404 1442 'me
419 1368 521 1454 potest
537 1370 661 1436 dicere:
691 1366 734 1432 sie
751 1376 933 1433 ceterarum
954 1369 1075 1433 attium
1096 1368 1157 1434 ho·

344 1468 458 1554 'minee
481 1485 626 1549 ornatius
646 1463 705 1547 illa
729 1482 787 1547 suu
808 1482 938 1555 dicunt,
971 1479 1003 1544 fi'
1017 1483 1096 1565 quid
1114 1483 1154 1549 ab

203 1604 205 1609 ’
304 1595 412 1667 3811αο
425 1608 495 1664 arte
509 1598 702 1661 didicerunt.
733 1595 848 1680 Neque
861 1596 947 1660 enim
964 1594 988 1659 fi
1003 1597 1045 1661 de
1062 1596 1156 1662 rusti-

348 1713 397 1780 cis
415 1713 511 1788 nebus
535 1709 676 1793 agricola
705 1710 879 1793 quispiam,
908 1720 965 1775 aut
987 1710 1153 1790 etiamid,

346 1826 436 1913 quod
454 1824 566 1901 multi,
588 1822 733 1888 medIcus
752 1825 791 1887 de
806 1825 939 1897 morbis,
963 1833 1020 1889 aut
1032 1827 1073 1889 de
1085 1826 1155 1908 pin·

347 1940 454 2027 gendo
467 1934 572 2023 pistor
583 1936 707 2020 uliquis
724 1937 838 2003 diserte
848 1938 985 2013 dixerit,
1009 1947 1068 2003 aut
1080 1938 1154 2003 scri·

344 2053 456 2142 'pseriu
471 2052 592 2117 ideireo
605 2050 692 2116 illius
705 2052 784 2115 artis
799 2053 941 2135 putanda
953 2050 992 2115 sit
1000 2052 1155 2136 eloquen-

348 2170 416 2234 tia:
437 2149 483 2231 'in
500 2185 566 2250 qua
582 2164 656 2250 quia
672 2165 721 2232 vis
739 2187 855 2250 magna
869 2166 914 2231 est
932 2168 967 2230 in
984 2168 1153 2232 hominum

347 2283 500 2366 ingeniis,
514 2302 553 2345 en
570 2280 668 2344 multi
680 2280 778 2344 etiem
791 2277 856 2345 fine
870 2279 1017 2345 dostrina
1031 2282 1156 2363 aliquid

350 2397 496 2465 omnium
516 2415 673 2478 generum
695 2403 794 2476 atque
819 2397 936 2458 artium
958 2396 1158 2479 consequun-

349 2521 421 2579 tur:
449 2511 521 2586 sed,
554 2509 633 2594 quid
655 2506 809 2592 cujusque
829 2507 866 2572 fit
881 2511 1066 2592 proprium,
1100 2508 1158 2574 etsi

351 2646 454 2692 exeo
477 2623 613 2706 judicari
638 2620 778 2705 potest,'
797 2642 870 2686 cum
903 2622 1039 2696 videris,
1074 2624 1157 2703 quid

350 2757 493 2822 quaeque
520 2736 674 2811 doceant,
713 2744 821 2799 tamen
848 2734 910 2799 hoc
929 2732 1050 2797 certius
1074 2725 1158 2801 nihil

349 2848 414 2918 esse
425 2847 546 2934 potest,
568 2867 665 2931 quarn
683 2850 770 2931 quod
787 2830 898 2914 onnes
911 2856 996 2912 artes
1004 2850 1078 2911 aliae
1089 2847 1157 2914 fine

348 2962 534 3049 eloquentia
555 2961 657 3027 suum'
679 2983 798 3054 munus
827 2962 978 3048 praestare
1007 2961 1159 3045 possunt,

350 3085 461 3162 orator
475 3072 539 3143 fine
553 3095 592 3140 ea
609 3097 729 3141 nomen
744 3079 836 3142 suum
850 3078 997 3141 obtinere
1011 3095 1078 3140 non
1096 3097 1156 3161 po·

350 3191 427 3261 teu:
446 3199 486 3256 ut
498 3191 615 3268 ceteri,
637 3187 786 3256 fidisenti
798 3188 875 3268 fint,
899 3191 1022 3274 aliquid
1038 3191 1078 3253 ab
1093 3191 1156 3253 hoe

210 3360 212 3369 .
288 3392 290 3397 Ι
350 3306 511 3374 habeant:
548 3305 602 3368 hie
626 3303 684 3369 nifi
706 3304 886 3369 domesticis
912 3303 943 3368 se
969 3301 1157 3368 instruxerit

198 3476 206 3486 Α.
351 3420 472 3503 copiis,
507 3419 639 3517 esiunde
658 3419 786 3488 dicendi
806 3418 932 3504 copiam
953 3411 1066 3503 petere
1088 3433 1155 3482 non

349 3529 459 3618 uuffit,
