<?xml version="1.0" encoding="UTF-8"?>
<!DOCTYPE html PUBLIC "-//W3C//DTD XHTML 1.0 Transitional//EN"
    "http://www.w3.org/TR/xhtml1/DTD/xhtml1-transitional.dtd">
<html xmlns="http://www.w3.org/1999/xhtml" xml:lang="en" lang="en">
 <head>
  <title>
</title>
<meta http-equiv="Content-Type" content="text/html;charset=utf-8" />
  <meta name='ocr-system' content='tesseract 3.04.00' />
  <meta name='ocr-capabilities' content='ocr_page ocr_carea ocr_par ocr_line ocrx_word'/>
</head>
<body>
  <div class='ocr_page' id='page_1' title='image "./mtvlliiciceroni08cicegoog/mtvlliiciceroni08cicegoog_0437.png"; bbox 0 0 2725 4350; ppageno 0'>
   <div class='ocr_carea' id='block_1_1' title="bbox 497 487 1063 600">
    <p class='ocr_par' dir='ltr' id='par_1_1' title="bbox 288 487 1063 618">
     <span class='ocr_line' id='line_1_1' title="bbox 497 487 1063 600; baseline -0.005 -15.079"><span class='ocrx_word' id='word_1_1' title='bbox 497 494 803 586; x_wconf 64' lang='lat' dir='ltr'><strong>,aruer-1.</strong></span> <span class='ocrx_word' id='word_1_2' title='bbox 978 487 1063 600; x_wconf 59' lang='lat'><strong>,55</strong></span> 
     </span>
    </p>
   </div>
   <div class='ocr_carea' id='block_1_2' title="bbox 217 657 1128 3603">
    <p class='ocr_par' dir='ltr' id='par_1_2' title="bbox 240 657 1128 2244">
     <span class='ocr_line' id='line_1_2' title="bbox 240 657 1058 784; baseline 0.001 -30"><span class='ocrx_word' id='word_1_3' title='bbox 240 673 340 760; x_wconf 63' lang='lat' dir='ltr'><strong>&#39;ouer</strong></span> <span class='ocrx_word' id='word_1_4' title='bbox 354 657 443 764; x_wconf 75' lang='lat' dir='ltr'><strong>vaus,</strong></span> <span class='ocrx_word' id='word_1_5' title='bbox 463 685 497 751; x_wconf 84' lang='lat' dir='ltr'><strong>u</strong></span> <span class='ocrx_word' id='word_1_6' title='bbox 513 687 597 784; x_wconf 68' lang='lat' dir='ltr'><strong>rore</strong></span> <span class='ocrx_word' id='word_1_7' title='bbox 614 688 679 772; x_wconf 76' lang='lat' dir='ltr'><strong>ipse</strong></span> <span class='ocrx_word' id='word_1_8' title='bbox 692 684 879 771; x_wconf 77' lang='lat' dir='ltr'><strong>nonposset.</strong></span> <span class='ocrx_word' id='word_1_9' title='bbox 908 685 1058 755; x_wconf 70' lang='lat' dir='ltr'><strong>uiureu</strong></span> 
     </span>
     <span class='ocr_line' id='line_1_3' title="bbox 258 797 1057 882; baseline -0.006 -11"><span class='ocrx_word' id='word_1_10' title='bbox 258 803 348 871; x_wconf 71' lang='lat' dir='ltr'><strong>enim</strong></span> <span class='ocrx_word' id='word_1_11' title='bbox 361 808 429 866; x_wconf 80' lang='lat' dir='ltr'><strong>tam</strong></span> <span class='ocrx_word' id='word_1_12' title='bbox 444 797 577 882; x_wconf 77' lang='lat' dir='ltr'><strong>Insigne,</strong></span> <span class='ocrx_word' id='word_1_13' title='bbox 599 822 659 873; x_wconf 84' lang='lat' dir='ltr'><strong>nec</strong></span> <span class='ocrx_word' id='word_1_14' title='bbox 672 812 742 867; x_wconf 85' lang='lat' dir='ltr'><strong>tam</strong></span> <span class='ocrx_word' id='word_1_15' title='bbox 756 804 797 867; x_wconf 86' lang='lat' dir='ltr'><strong>ad</strong></span> <span class='ocrx_word' id='word_1_16' title='bbox 810 801 1057 866; x_wconf 80' lang='lat' dir='ltr'>diuturnitatem</span> 
     </span>
     <span class='ocr_line' id='line_1_4' title="bbox 259 897 1057 1003; baseline -0.003 -23"><span class='ocrx_word' id='word_1_17' title='bbox 259 913 429 985; x_wconf 80' lang='lat' dir='ltr'><strong>memoriae</strong></span> <span class='ocrx_word' id='word_1_18' title='bbox 443 911 563 993; x_wconf 84' lang='lat' dir='ltr'><strong>stabile,</strong></span> <span class='ocrx_word' id='word_1_19' title='bbox 582 935 678 1003; x_wconf 76' lang='lat' dir='ltr'><strong>quam</strong></span> <span class='ocrx_word' id='word_1_20' title='bbox 692 917 736 994; x_wconf 82' lang='lat' dir='ltr'><strong>id,</strong></span> <span class='ocrx_word' id='word_1_21' title='bbox 751 916 785 988; x_wconf 79' lang='lat' dir='ltr'><strong>in</strong></span> <span class='ocrx_word' id='word_1_22' title='bbox 798 897 996 999; x_wconf 52' lang='lat' dir='ltr'><strong>quo&#39;aliquid</strong></span> <span class='ocrx_word' id='word_1_23' title='bbox 1007 913 1057 978; x_wconf 90' lang='lat' dir='ltr'><strong>os·</strong></span> 
     </span>
     <span class='ocr_line' id='line_1_5' title="bbox 260 1025 1123 1113; baseline 0.001 -21"><span class='ocrx_word' id='word_1_24' title='bbox 260 1026 413 1100; x_wconf 77' lang='lat' dir='ltr'><strong>tenderis.</strong></span> <span class='ocrx_word' id='word_1_25' title='bbox 434 1026 551 1111; x_wconf 87' lang='lat' dir='ltr'><strong>Itaque</strong></span> <span class='ocrx_word' id='word_1_26' title='bbox 564 1025 1056 1113; x_wconf 72' lang='lat' dir='ltr'><strong>utadhancrsimilltudinemhu·</strong></span> <span class='ocrx_word' id='word_1_27' title='bbox 1073 1035 1123 1093; x_wconf 80' lang='lat'><strong>130</strong></span> 
     </span>
     <span class='ocr_line' id='line_1_6' title="bbox 256 1138 1058 1232; baseline -0.001 -27"><span class='ocrx_word' id='word_1_28' title='bbox 256 1139 312 1232; x_wconf 82' lang='lat' dir='ltr'><strong>jur</strong></span> <span class='ocrx_word' id='word_1_29' title='bbox 327 1138 506 1217; x_wconf 77' lang='lat' dir='ltr'><strong>histrionis,</strong></span> <span class='ocrx_word' id='word_1_30' title='bbox 533 1144 709 1209; x_wconf 82' lang='lat' dir='ltr'><strong>oratoriam</strong></span> <span class='ocrx_word' id='word_1_31' title='bbox 723 1143 851 1207; x_wconf 87' lang='lat' dir='ltr'><strong>laudem</strong></span> <span class='ocrx_word' id='word_1_32' title='bbox 872 1140 1058 1223; x_wconf 75' lang='lat' dir='ltr'><strong>dirigamus,</strong></span> 
     </span>
     <span class='ocr_line' id='line_1_7' title="bbox 257 1243 1058 1340; baseline 0.001 -24"><span class='ocrx_word' id='word_1_33' title='bbox 257 1253 437 1330; x_wconf 77' lang='lat' dir='ltr'><strong>videtisne,</strong></span> <span class='ocrx_word' id='word_1_34' title='bbox 465 1243 561 1337; x_wconf 82' lang='lat' dir='ltr'><strong>quam</strong></span> <span class='ocrx_word' id='word_1_35' title='bbox 584 1255 664 1324; x_wconf 86' lang='lat' dir='ltr'><strong>nihil</strong></span> <span class='ocrx_word' id='word_1_36' title='bbox 688 1255 728 1320; x_wconf 87' lang='lat' dir='ltr'><strong>ab</strong></span> <span class='ocrx_word' id='word_1_37' title='bbox 744 1277 802 1329; x_wconf 87' lang='lat' dir='ltr'><strong>eo,</strong></span> <span class='ocrx_word' id='word_1_38' title='bbox 830 1247 1058 1340; x_wconf 72' lang='lat' dir='ltr'><strong>nlsrperseste&#39;,</strong></span> 
     </span>
     <span class='ocr_line' id='line_1_8' title="bbox 257 1365 1068 1459; baseline -0.005 -25"><span class='ocrx_word' id='word_1_39' title='bbox 257 1368 341 1434; x_wconf 86' lang='lat' dir='ltr'><strong>nihil</strong></span> <span class='ocrx_word' id='word_1_40' title='bbox 359 1365 418 1430; x_wconf 84' lang='lat' dir='ltr'><strong>nili·</strong></span> <span class='ocrx_word' id='word_1_41' title='bbox 434 1386 511 1432; x_wconf 83' lang='lat' dir='ltr'><strong>oum</strong></span> <span class='ocrx_word' id='word_1_42' title='bbox 532 1368 654 1459; x_wconf 67' lang='lat' dir='ltr'><strong>sturmin¹</strong></span> <span class='ocrx_word' id='word_1_43' title='bbox 675 1368 840 1438; x_wconf 78' lang='lat' dir='ltr'><strong>venustate</strong></span> <span class='ocrx_word' id='word_1_44' title='bbox 862 1366 942 1436; x_wconf 73' lang='lat' dir='ltr'><strong>fiat?</strong></span> <span class='ocrx_word' id='word_1_45' title='bbox 978 1365 1068 1431; x_wconf 81' lang='lat' dir='ltr'><strong>nihil·</strong></span> 
     </span>
     <span class='ocr_line' id='line_1_9' title="bbox 257 1479 1058 1560; baseline 0.001 -17"><span class='ocrx_word' id='word_1_46' title='bbox 257 1479 319 1543; x_wconf 87' lang='lat' dir='ltr'><strong>nisi</strong></span> <span class='ocrx_word' id='word_1_47' title='bbox 332 1480 401 1558; x_wconf 80' lang='lat' dir='ltr'><strong>ita,</strong></span> <span class='ocrx_word' id='word_1_48' title='bbox 420 1488 459 1552; x_wconf 88' lang='lat' dir='ltr'><strong>ut</strong></span> <span class='ocrx_word' id='word_1_49' title='bbox 470 1482 600 1560; x_wconf 81' lang='lat' dir='ltr'><strong>deceat,</strong></span> <span class='ocrx_word' id='word_1_50' title='bbox 631 1482 665 1547; x_wconf 80' lang='lat' dir='ltr'><strong>dr</strong></span> <span class='ocrx_word' id='word_1_51' title='bbox 680 1486 728 1550; x_wconf 87' lang='lat' dir='ltr'><strong>uti</strong></span> <span class='ocrx_word' id='word_1_52' title='bbox 741 1503 852 1548; x_wconf 84' lang='lat' dir='ltr'><strong>omnes</strong></span> <span class='ocrx_word' id='word_1_53' title='bbox 868 1488 997 1546; x_wconf 87' lang='lat' dir='ltr'><strong>moveat</strong></span> <span class='ocrx_word' id='word_1_54' title='bbox 1007 1488 1058 1544; x_wconf 89' lang='lat' dir='ltr'><strong>at·</strong></span> 
     </span>
     <span class='ocr_line' id='line_1_10' title="bbox 257 1591 1128 1685; baseline 0.002 -28"><span class='ocrx_word' id='word_1_55' title='bbox 257 1612 324 1677; x_wconf 84' lang='lat' dir='ltr'><strong>que</strong></span> <span class='ocrx_word' id='word_1_56' title='bbox 338 1591 503 1659; x_wconf 75' lang='lat' dir='ltr'><strong>delettet?</strong></span> <span class='ocrx_word' id='word_1_57' title='bbox 533 1596 648 1680; x_wconf 84' lang='lat' dir='ltr'><strong>Itaque</strong></span> <span class='ocrx_word' id='word_1_58' title='bbox 665 1597 867 1685; x_wconf 20' lang='lat' dir='ltr'><strong>hoc-jamdiu</strong></span> <span class='ocrx_word' id='word_1_59' title='bbox 886 1595 930 1660; x_wconf 88' lang='lat' dir='ltr'><strong>est</strong></span> <span class='ocrx_word' id='word_1_60' title='bbox 948 1594 1075 1666; x_wconf 57' lang='lat' dir='ltr'><strong>conse,</strong></span> <span class='ocrx_word' id='word_1_61' title='bbox 1124 1608 1128 1628; x_wconf 78' lang='lat'><em>&#39;</em></span> 
     </span>
     <span class='ocr_line' id='line_1_11' title="bbox 258 1706 1058 1792; baseline 0.001 -23"><span class='ocrx_word' id='word_1_62' title='bbox 258 1714 377 1784; x_wconf 84' lang='lat' dir='ltr'><strong>cutus,</strong></span> <span class='ocrx_word' id='word_1_63' title='bbox 398 1716 457 1782; x_wconf 87' lang='lat' dir='ltr'><strong>ut,</strong></span> <span class='ocrx_word' id='word_1_64' title='bbox 487 1706 520 1770; x_wconf 87' lang='lat' dir='ltr'><strong>in</strong></span> <span class='ocrx_word' id='word_1_65' title='bbox 535 1727 601 1791; x_wconf 90' lang='lat' dir='ltr'><strong>quo</strong></span> <span class='ocrx_word' id='word_1_66' title='bbox 616 1710 753 1792; x_wconf 89' lang='lat' dir='ltr'><strong>quisque</strong></span> <span class='ocrx_word' id='word_1_67' title='bbox 769 1708 905 1778; x_wconf 85' lang='lat' dir='ltr'><strong>artificio</strong></span> <span class='ocrx_word' id='word_1_68' title='bbox 919 1708 1058 1774; x_wconf 78' lang='lat' dir='ltr'><strong>excella-</strong></span> 
     </span>
     <span class='ocr_line' id='line_1_12' title="bbox 257 1818 1059 1902; baseline 0 -18"><span class='ocrx_word' id='word_1_69' title='bbox 257 1827 326 1896; x_wconf 85' lang='lat' dir='ltr'><strong>ret,</strong></span> <span class='ocrx_word' id='word_1_70' title='bbox 347 1819 422 1883; x_wconf 77' lang='lat' dir='ltr'><strong>inin</strong></span> <span class='ocrx_word' id='word_1_71' title='bbox 436 1818 491 1884; x_wconf 90' lang='lat' dir='ltr'><strong>suo</strong></span> <span class='ocrx_word' id='word_1_72' title='bbox 501 1840 617 1902; x_wconf 84' lang='lat' dir='ltr'><strong>genere</strong></span> <span class='ocrx_word' id='word_1_73' title='bbox 632 1821 764 1886; x_wconf 85' lang='lat' dir='ltr'><strong>Roscius</strong></span> <span class='ocrx_word' id='word_1_74' title='bbox 772 1824 943 1893; x_wconf 79' lang='lat' dir='ltr'><strong>diceretur.</strong></span> <span class='ocrx_word' id='word_1_75' title='bbox 966 1822 1059 1886; x_wconf 89' lang='lat' dir='ltr'><strong>Hanc</strong></span> 
     </span>
     <span class='ocr_line' id='line_1_13' title="bbox 255 1931 1058 2021; baseline 0.004 -26"><span class='ocrx_word' id='word_1_76' title='bbox 255 1951 319 2015; x_wconf 76' lang='lat' dir='ltr'><strong>ogo</strong></span> <span class='ocrx_word' id='word_1_77' title='bbox 332 1931 563 1997; x_wconf 78' lang='lat' dir='ltr'><strong>absolutionem</strong></span> <span class='ocrx_word' id='word_1_78' title='bbox 579 1932 873 2021; x_wconf 65' lang='lat' dir='ltr'><strong>perfectionemque</strong></span> <span class='ocrx_word' id='word_1_79' title='bbox 885 1936 917 2000; x_wconf 89' lang='lat' dir='ltr'><strong>iu</strong></span> <span class='ocrx_word' id='word_1_80' title='bbox 931 1944 1058 1999; x_wconf 82' lang='lat' dir='ltr'><strong>oratore</strong></span> 
     </span>
     <span class='ocr_line' id='line_1_14' title="bbox 258 2032 1058 2130; baseline 0 -22"><span class='ocrx_word' id='word_1_81' title='bbox 258 2044 458 2123; x_wconf 84' lang='lat' dir='ltr'><strong>desiderans,</strong></span> <span class='ocrx_word' id='word_1_82' title='bbox 488 2067 509 2109; x_wconf 86' lang='lat' dir='ltr'><strong>a</strong></span> <span class='ocrx_word' id='word_1_83' title='bbox 532 2068 595 2130; x_wconf 85' lang='lat' dir='ltr'><strong>qua</strong></span> <span class='ocrx_word' id='word_1_84' title='bbox 613 2032 677 2130; x_wconf 73' lang='lat' dir='ltr'><strong>ipse</strong></span> <span class='ocrx_word' id='word_1_85' title='bbox 699 2049 793 2130; x_wconf 82' lang='lat' dir='ltr'><strong>longe</strong></span> <span class='ocrx_word' id='word_1_86' title='bbox 815 2049 941 2124; x_wconf 83' lang='lat' dir='ltr'><strong>absum,</strong></span> <span class='ocrx_word' id='word_1_87' title='bbox 973 2048 1058 2112; x_wconf 85' lang='lat' dir='ltr'><strong>facio</strong></span> 
     </span>
     <span class='ocr_line' id='line_1_15' title="bbox 257 2159 1059 2244; baseline 0.001 -20"><span class='ocrx_word' id='word_1_88' title='bbox 257 2159 482 2242; x_wconf 84' lang='lat' dir='ltr'><strong>impudenter:</strong></span> <span class='ocrx_word' id='word_1_89' title='bbox 505 2160 583 2226; x_wconf 88' lang='lat' dir='ltr'><strong>mihi</strong></span> <span class='ocrx_word' id='word_1_90' title='bbox 598 2162 684 2226; x_wconf 86' lang='lat' dir='ltr'><strong>enim</strong></span> <span class='ocrx_word' id='word_1_91' title='bbox 702 2163 776 2227; x_wconf 91' lang='lat' dir='ltr'><strong>volo</strong></span> <span class='ocrx_word' id='word_1_92' title='bbox 786 2162 921 2244; x_wconf 80' lang='lat' dir='ltr'><strong>ignosci,</strong></span> <span class='ocrx_word' id='word_1_93' title='bbox 943 2159 1059 2226; x_wconf 77' lang='lat' dir='ltr'><strong>ceteris</strong></span> 
     </span>
    </p>

    <p class='ocr_par' dir='ltr' id='par_1_3' title="bbox 217 2254 1125 2699">
     <span class='ocr_line' id='line_1_16' title="bbox 217 2254 1059 2374; baseline -0.001 -38"><span class='ocrx_word' id='word_1_94' title='bbox 217 2264 221 2271; x_wconf 48' lang='lat'>⁵</span> <span class='ocrx_word' id='word_1_95' title='bbox 257 2274 324 2356; x_wconf 85' lang='lat' dir='ltr'><strong>ipse</strong></span> <span class='ocrx_word' id='word_1_96' title='bbox 342 2295 406 2337; x_wconf 88' lang='lat' dir='ltr'><strong>non</strong></span> <span class='ocrx_word' id='word_1_97' title='bbox 423 2275 561 2356; x_wconf 80' lang='lat' dir='ltr'><strong>ignosco.</strong></span> <span class='ocrx_word' id='word_1_98' title='bbox 606 2274 764 2359; x_wconf 81' lang='lat' dir='ltr'><strong>Numqui</strong></span> <span class='ocrx_word' id='word_1_99' title='bbox 778 2295 843 2338; x_wconf 89' lang='lat' dir='ltr'><strong>non</strong></span> <span class='ocrx_word' id='word_1_100' title='bbox 860 2273 978 2359; x_wconf 86' lang='lat' dir='ltr'><strong>potest,</strong></span> <span class='ocrx_word' id='word_1_101' title='bbox 1004 2254 1059 2374; x_wconf 74' lang='lat' dir='ltr'><strong>qui</strong></span> 
     </span>
     <span class='ocr_line' id='line_1_17' title="bbox 256 2380 1125 2470; baseline -0.005 -19"><span class='ocrx_word' id='word_1_102' title='bbox 256 2387 371 2453; x_wconf 83' lang='lat' dir='ltr'><strong>vitiose</strong></span> <span class='ocrx_word' id='word_1_103' title='bbox 387 2389 483 2464; x_wconf 84' lang='lat' dir='ltr'><strong>facit,</strong></span> <span class='ocrx_word' id='word_1_104' title='bbox 507 2409 601 2470; x_wconf 89' lang='lat' dir='ltr'><strong>quem</strong></span> <span class='ocrx_word' id='word_1_105' title='bbox 610 2389 747 2470; x_wconf 88' lang='lat' dir='ltr'><strong>denique</strong></span> <span class='ocrx_word' id='word_1_106' title='bbox 758 2409 823 2454; x_wconf 91' lang='lat' dir='ltr'><strong>non</strong></span> <span class='ocrx_word' id='word_1_107' title='bbox 839 2381 949 2464; x_wconf 83' lang='lat' dir='ltr'><strong>decet,</strong></span> <span class='ocrx_word' id='word_1_108' title='bbox 972 2388 1074 2451; x_wconf 82' lang='lat' dir='ltr'><strong>hunc&#39;</strong></span> <span class='ocrx_word' id='word_1_109' title='bbox 1122 2380 1125 2385; x_wconf 41' lang='lat'>⁸</span> 
     </span>
     <span class='ocr_line' id='line_1_18' title="bbox 258 2502 1059 2587; baseline 0.005 -25"><span class='ocrx_word' id='word_1_110' title='bbox 258 2502 316 2576; x_wconf 90' lang='lat' dir='ltr'><strong>(ut</strong></span> <span class='ocrx_word' id='word_1_111' title='bbox 334 2502 522 2582; x_wconf 89' lang='lat' dir='ltr'><strong>Apollonius</strong></span> <span class='ocrx_word' id='word_1_112' title='bbox 536 2502 685 2583; x_wconf 80' lang='lat' dir='ltr'><strong>jubebat)</strong></span> <span class='ocrx_word' id='word_1_113' title='bbox 703 2503 811 2581; x_wconf 86' lang='lat' dir='ltr'><strong>adid,</strong></span> <span class='ocrx_word' id='word_1_114' title='bbox 841 2504 928 2587; x_wconf 89' lang='lat' dir='ltr'><strong>quod</strong></span> <span class='ocrx_word' id='word_1_115' title='bbox 951 2503 1059 2566; x_wconf 83' lang='lat' dir='ltr'><strong>facere</strong></span> 
     </span>
     <span class='ocr_line' id='line_1_19' title="bbox 258 2613 735 2699; baseline 0.01 -24"><span class='ocrx_word' id='word_1_116' title='bbox 258 2613 371 2698; x_wconf 78' lang='lat' dir='ltr'><strong>possit,</strong></span> <span class='ocrx_word' id='word_1_117' title='bbox 395 2617 627 2679; x_wconf 85' lang='lat' dir='ltr'><strong>detrudendum</strong></span> <span class='ocrx_word' id='word_1_118' title='bbox 645 2625 735 2699; x_wconf 90' lang='lat' dir='ltr'><strong>puto.</strong></span> 
     </span>
    </p>

    <p class='ocr_par' dir='ltr' id='par_1_4' title="bbox 251 2728 1126 3603">
     <span class='ocr_line' id='line_1_20' title="bbox 325 2728 1126 2823; baseline -0.004 -32"><span class='ocrx_word' id='word_1_119' title='bbox 325 2728 412 2791; x_wconf 89' lang='lat' dir='ltr'><strong>Num</strong></span> <span class='ocrx_word' id='word_1_120' title='bbox 438 2738 476 2791; x_wconf 88' lang='lat' dir='ltr'><strong>tu</strong></span> <span class='ocrx_word' id='word_1_121' title='bbox 495 2730 612 2811; x_wconf 80' lang='lat' dir='ltr'><strong>igitur,</strong></span> <span class='ocrx_word' id='word_1_122' title='bbox 643 2728 748 2812; x_wconf 90' lang='lat' dir='ltr'><strong>inquit</strong></span> <span class='ocrx_word' id='word_1_123' title='bbox 771 2729 950 2815; x_wconf 86' lang='lat' dir='ltr'><strong>Sulpicius,</strong></span> <span class='ocrx_word' id='word_1_124' title='bbox 985 2747 1059 2800; x_wconf 87' lang='lat' dir='ltr'><strong>me,</strong></span> <span class='ocrx_word' id='word_1_125' title='bbox 1071 2743 1126 2823; x_wconf 85' lang='lat'><strong>29</strong></span> 
     </span>
     <span class='ocr_line' id='line_1_21' title="bbox 258 2838 1126 2923; baseline -0.005 -19"><span class='ocrx_word' id='word_1_126' title='bbox 258 2850 318 2904; x_wconf 80' lang='lat' dir='ltr'><strong>aut</strong></span> <span class='ocrx_word' id='word_1_127' title='bbox 332 2841 417 2905; x_wconf 93' lang='lat' dir='ltr'><strong>hunc</strong></span> <span class='ocrx_word' id='word_1_128' title='bbox 435 2844 582 2917; x_wconf 84' lang='lat' dir='ltr'><strong>Cottam,</strong></span> <span class='ocrx_word' id='word_1_129' title='bbox 603 2841 655 2923; x_wconf 84' lang='lat' dir='ltr'><strong>jus</strong></span> <span class='ocrx_word' id='word_1_130' title='bbox 673 2843 787 2920; x_wconf 86' lang='lat' dir='ltr'><strong>civile,</strong></span> <span class='ocrx_word' id='word_1_131' title='bbox 816 2853 872 2909; x_wconf 87' lang='lat' dir='ltr'><strong>aut</strong></span> <span class='ocrx_word' id='word_1_132' title='bbox 893 2863 960 2906; x_wconf 89' lang='lat' dir='ltr'><strong>rem</strong></span> <span class='ocrx_word' id='word_1_133' title='bbox 976 2838 1059 2902; x_wconf 90' lang='lat' dir='ltr'><strong>mili·</strong></span> <span class='ocrx_word' id='word_1_134' title='bbox 1077 2838 1126 2892; x_wconf 80' lang='lat'><strong>¹31</strong></span> 
     </span>
     <span class='ocr_line' id='line_1_22' title="bbox 256 2953 1062 3039; baseline -0.002 -23"><span class='ocrx_word' id='word_1_135' title='bbox 256 2962 361 3017; x_wconf 87' lang='lat' dir='ltr'><strong>tarem</strong></span> <span class='ocrx_word' id='word_1_136' title='bbox 377 2953 469 3034; x_wconf 88' lang='lat' dir='ltr'><strong>jubes</strong></span> <span class='ocrx_word' id='word_1_137' title='bbox 487 2954 630 3018; x_wconf 78' lang='lat' dir='ltr'><strong>discere?</strong></span> <span class='ocrx_word' id='word_1_138' title='bbox 662 2975 738 3018; x_wconf 89' lang='lat' dir='ltr'><strong>nam</strong></span> <span class='ocrx_word' id='word_1_139' title='bbox 754 2957 827 3039; x_wconf 92' lang='lat' dir='ltr'><strong>quis</strong></span> <span class='ocrx_word' id='word_1_140' title='bbox 841 2957 881 3020; x_wconf 87' lang='lat' dir='ltr'><strong>ad</strong></span> <span class='ocrx_word' id='word_1_141' title='bbox 902 2955 959 3017; x_wconf 82' lang='lat' dir='ltr'><strong>iila</strong></span> <span class='ocrx_word' id='word_1_142' title='bbox 976 2953 1062 3015; x_wconf 88' lang='lat' dir='ltr'><strong>sum·</strong></span> 
     </span>
     <span class='ocr_line' id='line_1_23' title="bbox 257 3060 1063 3153; baseline -0.001 -22"><span class='ocrx_word' id='word_1_143' title='bbox 257 3087 311 3131; x_wconf 89' lang='lat' dir='ltr'><strong>ma</strong></span> <span class='ocrx_word' id='word_1_144' title='bbox 340 3076 437 3147; x_wconf 88' lang='lat' dir='ltr'><strong>atque</strong></span> <span class='ocrx_word' id='word_1_145' title='bbox 466 3068 499 3129; x_wconf 91' lang='lat' dir='ltr'><strong>in</strong></span> <span class='ocrx_word' id='word_1_146' title='bbox 526 3068 612 3131; x_wconf 87' lang='lat' dir='ltr'><strong>omni</strong></span> <span class='ocrx_word' id='word_1_147' title='bbox 637 3087 756 3149; x_wconf 82' lang='lat' dir='ltr'><strong>genere</strong></span> <span class='ocrx_word' id='word_1_148' title='bbox 792 3065 933 3153; x_wconf 63' lang='lat' dir='ltr'><strong>perfecta</strong></span> <span class='ocrx_word' id='word_1_149' title='bbox 961 3060 1063 3151; x_wconf 79' lang='lat' dir='ltr'><strong>potest</strong></span> 
     </span>
     <span class='ocr_line' id='line_1_24' title="bbox 254 3177 1064 3264; baseline -0.005 -22"><span class='ocrx_word' id='word_1_150' title='bbox 254 3177 451 3262; x_wconf 78' lang='lat' dir='ltr'><strong>pervenire?</strong></span> <span class='ocrx_word' id='word_1_151' title='bbox 473 3179 561 3243; x_wconf 87' lang='lat' dir='ltr'><strong>Tum</strong></span> <span class='ocrx_word' id='word_1_152' title='bbox 576 3181 642 3256; x_wconf 87' lang='lat' dir='ltr'><strong>ille,</strong></span> <span class='ocrx_word' id='word_1_153' title='bbox 656 3181 726 3262; x_wconf 84' lang='lat' dir='ltr'><strong>Ego</strong></span> <span class='ocrx_word' id='word_1_154' title='bbox 743 3196 830 3259; x_wconf 74' lang='lat' dir='ltr'><strong>vero,</strong></span> <span class='ocrx_word' id='word_1_155' title='bbox 843 3181 961 3264; x_wconf 88' lang='lat' dir='ltr'><strong>inquit,</strong></span> <span class='ocrx_word' id='word_1_156' title='bbox 977 3178 1064 3261; x_wconf 92' lang='lat' dir='ltr'><strong>quod</strong></span> 
     </span>
     <span class='ocr_line' id='line_1_25' title="bbox 255 3282 1061 3380; baseline -0.004 -26"><span class='ocrx_word' id='word_1_157' title='bbox 255 3293 291 3354; x_wconf 87' lang='lat' dir='ltr'><strong>in</strong></span> <span class='ocrx_word' id='word_1_158' title='bbox 309 3293 569 3373; x_wconf 79' lang='lat' dir='ltr'><strong>vobisegregiam</strong></span> <span class='ocrx_word' id='word_1_159' title='bbox 585 3297 746 3376; x_wconf 86' lang='lat' dir='ltr'><strong>quandam</strong></span> <span class='ocrx_word' id='word_1_160' title='bbox 763 3315 800 3360; x_wconf 91' lang='lat' dir='ltr'><strong>ac</strong></span> <span class='ocrx_word' id='word_1_161' title='bbox 815 3282 1061 3380; x_wconf 73' lang='lat' dir='ltr'><strong>praeclar&#39;amin-</strong></span> 
     </span>
     <span class='ocr_line' id='line_1_26' title="bbox 254 3405 1060 3490; baseline 0 -24"><span class='ocrx_word' id='word_1_162' title='bbox 254 3405 364 3467; x_wconf 88' lang='lat' dir='ltr'><strong>dolem</strong></span> <span class='ocrx_word' id='word_1_163' title='bbox 378 3409 417 3468; x_wconf 87' lang='lat' dir='ltr'><strong>ad</strong></span> <span class='ocrx_word' id='word_1_164' title='bbox 434 3407 604 3470; x_wconf 81' lang='lat' dir='ltr'><strong>dicendum</strong></span> <span class='ocrx_word' id='word_1_165' title='bbox 615 3407 676 3471; x_wconf 83' lang='lat' dir='ltr'><strong>elle</strong></span> <span class='ocrx_word' id='word_1_166' title='bbox 690 3409 844 3490; x_wconf 63' lang='lat' dir='ltr'><strong>cognovi,</strong></span> <span class='ocrx_word' id='word_1_167' title='bbox 854 3410 974 3474; x_wconf 87' lang='lat' dir='ltr'><strong>idcirco</strong></span> <span class='ocrx_word' id='word_1_168' title='bbox 990 3405 1060 3467; x_wconf 90' lang='lat' dir='ltr'><strong>haec</strong></span> 
     </span>
     <span class='ocr_line' id='line_1_27' title="bbox 251 3517 1060 3603; baseline 0.002 -25"><span class='ocrx_word' id='word_1_169' title='bbox 251 3517 389 3600; x_wconf 84' lang='lat' dir='ltr'><strong>exposui</strong></span> <span class='ocrx_word' id='word_1_170' title='bbox 411 3520 539 3583; x_wconf 86' lang='lat' dir='ltr'><strong>omnia:</strong></span> <span class='ocrx_word' id='word_1_171' title='bbox 563 3541 621 3582; x_wconf 91' lang='lat' dir='ltr'><strong>nec</strong></span> <span class='ocrx_word' id='word_1_172' title='bbox 642 3523 745 3603; x_wconf 79' lang='lat' dir='ltr'><strong>magis</strong></span> <span class='ocrx_word' id='word_1_173' title='bbox 763 3526 801 3587; x_wconf 88' lang='lat' dir='ltr'><strong>ad</strong></span> <span class='ocrx_word' id='word_1_174' title='bbox 817 3544 875 3587; x_wconf 85' lang='lat' dir='ltr'><strong>eos</strong></span> <span class='ocrx_word' id='word_1_175' title='bbox 896 3524 1060 3586; x_wconf 83' lang='lat' dir='ltr'><strong>deterren-</strong></span> 
     </span>
    </p>
   </div>
   <div class='ocr_carea' id='block_1_3' title="bbox 252 3630 1065 3722">
    <p class='ocr_par' dir='ltr' id='par_1_5' title="bbox 252 3630 1065 3722">
     <span class='ocr_line' id='line_1_28' title="bbox 252 3630 1065 3722; baseline 0.001 -29"><span class='ocrx_word' id='word_1_176' title='bbox 252 3630 330 3710; x_wconf 85' lang='lat' dir='ltr'><strong>dos,</strong></span> <span class='ocrx_word' id='word_1_177' title='bbox 362 3632 507 3716; x_wconf 91' lang='lat' dir='ltr'><strong>quinon</strong></span> <span class='ocrx_word' id='word_1_178' title='bbox 530 3632 672 3722; x_wconf 84' lang='lat' dir='ltr'><strong>possent,</strong></span> <span class='ocrx_word' id='word_1_179' title='bbox 703 3654 800 3720; x_wconf 87' lang='lat' dir='ltr'><strong>quam</strong></span> <span class='ocrx_word' id='word_1_180' title='bbox 823 3639 863 3700; x_wconf 84' lang='lat' dir='ltr'><strong>ad</strong></span> <span class='ocrx_word' id='word_1_181' title='bbox 896 3655 974 3715; x_wconf 84' lang='lat' dir='ltr'><strong>vos,</strong></span> <span class='ocrx_word' id='word_1_182' title='bbox 1004 3631 1065 3716; x_wconf 89' lang='lat' dir='ltr'><strong>qui</strong></span> 
     </span>
    </p>
   </div>
   <div class='ocr_carea' id='block_1_4' title="bbox 808 3749 888 3838">
    <p class='ocr_par' dir='ltr' id='par_1_6' title="bbox 808 3749 888 3838">
     <span class='ocr_line' id='line_1_29' title="bbox 808 3749 888 3838; baseline 0 0"><span class='ocrx_word' id='word_1_183' title='bbox 808 3749 888 3838; x_wconf 77' lang='lat'><strong>⁰4</strong></span> 
     </span>
    </p>
   </div>
   <div class='ocr_carea' id='block_1_5' title="bbox 0 0 1368 4350">
    <p class='ocr_par' dir='ltr' id='par_1_7' title="bbox 0 0 1368 4350">
     <span class='ocr_line' id='line_1_30' title="bbox 0 0 1368 4350; baseline 0 0"><span class='ocrx_word' id='word_1_184' title='bbox 0 0 1368 4350; x_wconf 95' lang='lat' dir='ltr'><strong> </strong></span> 
     </span>
    </p>
   </div>
  </div>
 </body>
</html>
