2725 4350
316 529 380 609 ,μ
551 514 862 590 RRVTV&

317 673 410 762 cendi
429 677 631 780 magistrum,
653 693 786 764 studiose
804 691 1116 763 exerceritsoiebam.

281 823 288 872 1
305 802 391 875 ὶΡοᾶ
407 830 491 873 ame
505 809 580 922 ³*ssia
595 819 664 871 tota
677 817 843 900 peragrata
859 807 922 885 est,
945 795 1017 880 crim
1032 810 1118 882 sum·

314 924 381 987 ruis
401 923 529 1006 quidem
550 922 747 996 oratoribus,
778 921 963 1006 quibuscum
986 941 1118 985 exerce-

274 1057 275 1060 ’
318 1016 376 1103 δ’ίτ
396 1033 470 1117 ipsrs
491 1035 694 1110 lubentibus,
717 1019 856 1115 quornm
879 1042 948 1098 erat
968 1035 1116 1117 princeps

306 1148 486 1239 'Menippus
508 1143 764 1223 Stratoniceum,
795 1145 1024 1229 meoiudicio,
1047 1154 1118 1210 tota

318 1255 412 1337 Asa,
433 1257 495 1323 illis
516 1260 735 1341 temporibus,
758 1257 992 1323 disertisiimus:
1012 1258 1070 1336 dr,
1091 1255 1118 1321 si

288 1403 290 1407 ·
316 1372 397 1438 nihii
419 1369 538 1436 habere
560 1371 791 1448 molestiarum,
808 1377 878 1435 'nec
904 1373 1118 1453 ineptiarum,

280 1477 292 1555 ,’
317 1485 503 1550 Atticorum
524 1482 589 1559 est,
610 1484 664 1546 hic
682 1492 790 1545 orator
810 1484 842 1545 in
865 1485 929 1546 illis
950 1484 1122 1548 numerari<

200 1687 205 1698 .
250 1613 301 1679 31⁶
316 1594 528 1680 retiepotest.
560 1592 901 1701 'Affiduisiimeautem
915 1596 1116 1659 mecumsuit

316 1707 492 1793 Dionysus
515 1708 659 1791 Magnes.
703 1709 787 1772 Erat
807 1711 905 1771 etiam
933 1706 1119 1790 Aeschylus

248 1853 251 1862 ·
315 1814 466 1898 Cnidius,
489 1822 729 1905 Adramytenus
754 1821 927 1886 Xenocles.
981 1820 1026 1883 Hi
1046 1830 1117 1884 tuna

227 1964 230 1975 ·
314 1936 349 1998 in
371 1932 446 1998 Asia
473 1935 638 2000 rhetorum
666 1918 824 2019 principes
851 1925 1135 2000 numerabamus·

230 2051 234 2061 '
317 2043 447 2122 Quibus
467 2068 532 2110 non
552 2056 740 2125 contentus,
765 2033 910 2112 Rhodum
932 2048 1024 2122 veni,
1048 2031 1120 2109 rue·

315 2166 379 2247 qne
400 2163 441 2226 ad
463 2162 625 2238 eundern,
654 2182 751 2245 quem
776 2161 884 2224 Romae
909 2161 1116 2236 audiveram,

315 2275 497 2351 Molonem,
520 2272 695 2356 applicavi,
720 2296 793 2338 cum
818 2273 960 2339 asturem
977 2274 1010 2336 in
1032 2271 1118 2336 veris

315 2385 443 2464 causis,
473 2388 721 2470 scriptoremque
745 2389 966 2471 praestantem,
988 2394 1057 2448 tum
1080 2385 1116 2446 in

315 2501 465 2564 notandis
484 2501 833 2588 animadvertendisque
854 2501 958 2576 vitiis,
982 2497 1013 2561 dt
1028 2496 1117 2559 insti·

316 2599 438 2677 tuendo
453 2615 662 2694 docendoque
679 2610 963 2694 prudentissimum.
1008 2611 1042 2672 ls
1059 2613 1115 2673 de-

317 2723 364 2787 dit
385 2742 527 2806 operam,
550 2721 599 2807 (fi
614 2727 708 2787 modo
721 2725 754 2788 id
772 2709 919 2815 consequi
934 2723 1060 2807 potuit)
1078 2729 1115 2804 ut

165 2832 167 2841 '
274 2873 278 2885 ·
316 2835 414 2900 nimis
436 2837 649 2900 redundantes
670 2838 749 2913 nos,
772 2836 805 2900 dr
823 2835 1051 2918 superfluentes
1065 2836 1117 2917 ju·

251 3027 255 3040 ,
316 2948 415 3015 renisi
430 2952 567 3030 quadam
582 2950 706 3013 dicendi
718 2950 910 3029 impunitate
924 2949 957 3012 dt
975 2949 1115 3023 licentia,

317 3060 522 3144 reprimeret,
547 3060 580 3126 δι
601 3061 688 3146 quast
712 3075 802 3126 extra
829 3065 913 3144 ripas
935 3059 1116 3126 diffluentes

316 3177 487 3263 doiirceret.
532 3177 583 3239 lta
603 3177 708 3258 recepi
724 3199 776 3240 me
792 3177 920 3240 biennio
937 3175 1026 3258 post,
1050 3191 1115 3237 non

315 3286 411 3354 nodo
426 3289 640 3365 exercitatior,
663 3290 716 3352 sed
732 3311 829 3372 prope
844 3299 997 3381 mutatus.
1032 3288 1119 3349 Nam*

254 3421 258 3442 ¹
316 3396 351 3464 ἃ
372 3402 534 3465 contentio
554 3403 652 3465 nimia
669 3405 757 3466 vocis
776 3403 948 3478 reciderat,
976 3388 1116 3480 &quast

314 3514 491 3578 referverat
506 3518 629 3587 oratio,
652 3517 861 3594 lateribusque
877 3516 972 3592 vires,
996 3512 1029 3577 δι
1046 3530 1117 3575 cor·

204 3633 207 3640 '
226 3718 228 3723 Α
313 3627 384 3708 pori
400 3629 570 3692 mediocris
589 3604 717 3725 habitus
729 3625 909 3694 accesserat.
