2725 4350
175 543 179 560 ,
328 495 388 577 'm
511 473 1075 567 nnornronn'

347 672 491 742 Scaer'ola
499 713 510 752 ,
533 670 724 749 defiderarc,
747 690 819 755 quar
834 689 939 756 neque
953 693 1013 757 ego
1028 680 1150 756 tenea,

347 798 386 854 nt
398 790 440 865 ii,
462 787 518 871 qui
537 765 677 862 docent,
702 803 808 868 neque
824 785 898 850 sunt
911 785 982 868 ejnn
998 793 1150 871 generis,

310 898 314 905 ’
345 911 404 980 ut,
426 899 585 983 fioptirne
600 877 762 973 tererem,
791 898 888 981 digna
909 897 1010 964 effert
1028 900 1150 968 istasu-

344 1016 468 1100 pientia
480 1033 518 1077 ac
535 1012 601 1076 tuin
617 1010 762 1075 auribus.
795 1012 860 1075 Ain
875 1009 936 1075 tu?
958 1012 1066 1096 inquit
1079 1015 1150 1083 illc.

347 1127 439 1194 Side
460 1127 527 1190 iiiia
539 1121 996 1220 communibusv&pervapatir
1008 1128 1150 1194 vixhuio

275 1243 278 1249 '
346 1242 439 1306 aetati
455 1241 652 1304 audiendum
666 1246 778 1320 putas,
806 1237 947 1302 etiamne
966 1238 1022 1301 illa
1042 1243 1150 1324 negli-

218 1387 221 1395 ·
303 1435 307 1442 .
346 1375 422 1439 gere
436 1347 616 1437 pnffumns,
647 1369 722 1434 quae
736 1353 775 1414 tn'
790 1350 912 1414 oratori
929 1352 1152 1441 cognoscenda

346 1466 409 1535 effe
424 1464 545 1541 dixisti,
577 1468 617 1531 de
639 1464 765 1528 naturis
780 1463 964 1543 hominum,
993 1466 1035 1530 de
1047 1470 1150 1531 mori·

344 1583 417 1656 bus,
439 1583 479 1645 de
489 1579 666 1643 rationibus
678 1578 731 1654 iis,
751 1576 1041 1667 quibushcminum
1055 1599 1151 1645 men·

344 1668 399 1758 ten
413 1693 448 1758 δι
461 1693 675 1757 incitarentur
691 1688 725 1754 cir
737 1691 1007 1772 reprimerentur,
1037 1693 1079 1758 dc
1095 1694 1149 1758 hia

343 1806 460 1888 storia,
500 1808 541 1870 de
561 1804 774 1887 antiquitate,
809 1803 851 1867 de
872 1803 1148 1871 administratione

343 1920 550 2003 reipublicae,
572 1919 709 2001 denique
730 1917 771 2000 dc
792 1913 898 1980 nostro
920 1916 987 1998 ipso
1005 1918 1080 2001 Jurc
1099 1922 1147 1984 ci·

343 2031 427 2097 vili?
459 2033 553 2096 Hanc
572 2032 659 2095 enirn
683 2049 743 2110 ego
769 2048 897 2093 omnem
922 2029 1088 2106 scientiam
1110 2032 1147 2099 ric

345 2147 472 2229 copiam
492 2166 599 2210 rerum
621 2145 726 2206 intua
746 2142 915 2226 prudentia
942 2141 1080 2210 sciebam
1095 2147 1145 2211 in·

345 2259 424 2337 esse,
446 2263 480 2323 in
496 2259 635 2323 oratoris
656 2277 735 2321 vero
763 2254 973 2320 instrumento
993 2266 1063 2323 tam
1077 2248 1152 2326 lau·x

343 2381 411 2438 tam
432 2371 658 2455 supeliertilem
672 2388 850 2452 numquam
868 2371 1021 2435 videram.

279 2513 330 2567 166
410 2487 508 2549 Potes
530 2486 650 2566 igitur,
687 2483 793 2565 inquit
816 2480 957 2561 CraffuS,
995 2481 1152 2566 (utalia

344 2601 493 2662 omittam
520 2597 767 2661 innumerabilia
785 2596 818 2659 δε
841 2595 1008 2687 immensa,
1041 2594 1077 2660 ὅ(
1104 2601 1151 2662 ad

260 2746 262 2753 ·
343 2711 443 2792 ipsum
465 2709 620 2790 tuumjus
636 2710 730 2772 civile
744 2695 901 2788 veniam)
921 2717 1065 2772 oratores
1084 2728 1149 2793 pu·

253 2878 256 2885 ,
343 2829 412 2885 tare
428 2841 494 2895 eos,
510 2841 591 2903 quos
608 2821 726 2884 multas
743 2821 840 2883 horas
856 2818 1061 2903 exspectavit,
1071 2841 1149 2888 cum

338 2935 379 2999 ,in
401 2953 550 3015 campum
574 2942 760 3016 properaret
783 2916 818 2996 δὲ
844 2932 1008 2998 ridens&
1030 2935 1149 3000 stoma·

342 3049 441 3112 chaus
458 3045 615 3122 Scaevola,
638 3067 712 3109 cum
730 3046 888 3128 Hypsaeus
903 3048 1044 3112 maxima
1057 3069 1149 3127 voce,

177 3242 183 3251 ι
244 3191 247 3196 ·
342 3161 493 3246 plurimis
507 3161 624 3234 verbis,
648 3160 725 3221 aM.
742 3158 847 3222 Craffo
862 3169 1004 3242 praetore
1013 3169 1148 3226 conten·

245 3265 249 3272 ’
342 3277 446 3350 deret,
464 3285 500 3338 ut
513 3276 563 3350 ei,
587 3254 684 3355 quem
699 3272 899 3349 defendebat,
923 3273 1016 3336 causa
1030 3276 1148 3338 cadere

342 3387 469 3462 liceret,
492 3387 551 3451 Cn.
570 3396 679 3448 autem
695 3381 868 3460 octavius,
890 3386 987 3448 homo
1002 3388 1149 3451 consula·

343 3499 408 3573 ris,
430 3520 495 3573 nopr
514 3501 619 3562 minus
635 3499 731 3577 longa
747 3496 892 3560 oratione
907 3499 1085 3575 recusaret,
1108 3521 1150 3565 ne

344 3610 542 3676 adversarius
557 3611 650 3674 causa
669 3611 816 3686 caderet,
839 3629 877 3673 ac
897 3632 937 3674 ne
951 3612 990 3688 is,
1013 3631 1071 3695 pro
1084 3632 1149 3696 quo
1171 3654 1173 3659 .
