2725 4350
437 503 653 577 mena
695 506 848 575 111..
951 519 1017 596 aaa

218 705 297 752 nere
313 686 496 751 laudentur.
541 685 650 767 Atque
667 683 702 746 id
715 684 854 765 primum
868 680 902 746 in
915 684 1017 762 politia
1026 712 1062 773 22

218 801 310 862 cerni
324 801 409 875 licet,
432 799 546 880 quibus
558 797 605 860 est
619 799 765 879 proxima
779 796 927 878 cognatio
941 814 1017 860 cum
1043 821 1056 866 ς

219 912 413 989 oratoribus,
434 930 533 994 quam
549 905 608 972 tint
625 910 709 973 inter
724 910 785 973 sele
800 910 933 985 Ennius,
955 908 1018 972 Pa·

221 1025 358 1102 ouvius,
388 1023 577 1105 Acciusque.
594 1007 779 1099 diffimiles3
811 1041 907 1105 quam
930 1021 1017 1104 apud
1120 1064 1122 1070 ·

219 1120 362 1201 'Graecos¹
383 1138 575 1221 Aeschylus,
608 1135 798 1219 Sophocles,
828 1134 1018 1217 Euripides,
1139 1180 1142 1184 v

222 1266 420 1333 quamquam
437 1251 585 1314 omnibus
605 1266 663 1333 par
686 1267 776 1330 paene
795 1250 868 1313 laua
881 1248 915 1311 in
931 1244 1018 1312 diffi-

218 1364 292 1427 mili
311 1363 472 1428 scribendi
489 1382 604 1449 genere
625 1363 796 1426 tribuatur.
857 1360 1062 1445 Adspicite„

220 1495 307 1541 nunc
319 1497 374 1539 eoa
389 1474 535 1540 homines
550 1453 647 1559 atque
664 1475 837 1540 intuemini
845 1520 859 1551 ,,
877 1494 1017 1557 qnorum

219 1590 262 1653 de
285 1590 439 1654 facultate
460 1590 657 1672 quaerimus,
688 1590 768 1672 quid
791 1585 912 1653 interiit
932 1589 1019 1652 inter

217 1712 386 1766 ¹oratorum
404 1690 506 1765 studia
523 1711 619 1783 atque
631 1710 775 1767 naturae.
819 1701 1019 1768 suavitatem

218 1815 393 1890 Isocrates,
415 1814 621 1877 subtilitatem
640 1811 771 1897 Lyfiaa,
791 1831 925 1880 acumen
942 1791 1019 1898 Hy·
1082 1821 1085 1826 ’

218 1928 362 2010 perides‚
385 1926 529 1989 sonitum·
540 1925 725 2002 Aeschines,
749 1926 813 1992 vim
832 1927 1019 1993 Demollhe'·

219 2060 277 2105 nes
292 2040 414 2103 habuit.
455 2038 539 2114 Quia
556 2055 668 2101 eorum
686 2058 750 2101 non
764 2039 938 2121 egregius?
967 2047 1018 2102 ta·

220 2172 295 2216 men
311 2153 383 2235 quis
399 2150 580 2235 cujusquam
600 2148 656 2214 nili
676 2151 724 2235 lui
742 2144 878 2217 fimitis?
901 2149 1029 2219 Gravis

216 2275 318 2328 tatem
332 2266 513 2340 Africanus,
535 2265 700 2329 lenitatem
717 2266 844 2341 Laelius,
867 2265 1018 2346 asperita-

217 2385 286 2442 tem
301 2377 420 2453 Galba,
448 2376 609 2460 profluena
622 2379 772 2459 quiddam
785 2378 896 2442 habuit
909 2379 1013 2443 Carbo

219 2489 254 2556 δι
270 2511 433 2556 canorum.
465 2491 547 2567 Quis
560 2491 676 2555 horum
693 2511 757 2555 non
773 2492 918 2572 princeps
933 2500 1017 2555 tem·

217 2607 349 2689 poribus
366 2605 430 2669 illis
449 2586 538 2671 fuit?
568 2604 600 2669 dt
622 2604 677 2667 luo
701 2612 808 2668 tamen
827 2605 961 2687 quilque
980 2605 1016 2666 in

217 2737 335 2799 genere
346 2720 510 2803 princepe.
564 2715 625 2783 Sed
641 2718 725 2801 quid·
737 2739 796 2799 ego
815 2727 922 2787 vetera
935 2728 1052 2812 con-g

217 2831 370 2912 quirem,
401 2852 475 2894 cum
501 2831 579 2894 mihi
604 2832 700 2895 liceat
728 2835 776 2896 uti
807 2831 1015 2915 praesentibus
1024 2832 1060 2887 ²9

217 2943 371 3024 'exemplis
391 2921 486 3026 atque
510 2943 616 3008 vivis?
655 2944 741 3018 Quid
760 2945 933 3029 jucundius
956 2962 1018 3005 au·

215 3055 304 3118 'ribus
323 3053 434 3122 uostris
458 3076 606 3140 umquam
622 3057 738 3120 accidit
756 3058 850 3141 huJue
870 3055 1016 3120 oratione
1129 3117 1132 3122 .

216 3166 347 3232 Catuli?
378 3187 450 3250 quae
476 3169 520 3232 est
542 3189 623 3251 pura
643 3166 705 3246 fic,
734 3180 770 3234 ut
790 3171 904 3235 Latine
924 3167 1018 3250 loqui
1043 3204 1046 3211 ·

215 3295 310 3364 paene
323 3281 408 3346 solua
425 3281 593 3359 videatur3
615 3281 657 3345 ilc
674 3290 781 3354 autem
795 3281 913 3365 gravia,
933 3281 1018 3345 utin
1112 3276 1114 3281 ’
1146 3318 1152 3331 1

217 3392 365 3472 fingulari
388 3394 543 3475 dignitate
561 3367 665 3460 omnis
680 3405 788 3460 tamen
806 3394 884 3460 adfit
901 3397 1019 3458 huma·

214 3506 299 3569 nitas
319 3507 473 3588 aclepus.
519 3507 605 3581 Quid
623 3508 747 3574 multa?
769 3509 862 3573 illum
883 3508 1017 3571 audiena
1053 3584 1056 3599 μ
1157 3564 1161 3573 ,

212 3617 363 3700 equidem
375 3617 416 3684 fic
430 3619 573 3704 judicata
589 3620 672 3688 soleo
679 3667 691 3704 ,
716 3623 874 3709 quidquid
888 3631 947 3686 aut
961 3621 1020 3685 ad·
