2725 4350
456 501 770 577 :monuo
843 527 846 534 ·
1005 522 1031 596 q

225 682 290 748 rint
301 681 343 747 de
360 680 449 746 omni
460 683 585 749 ratione
597 682 738 748 dicendi.
782 677 844 749 vn
858 682 965 763 eninr,
987 685 1054 777 ut'5

170 881 171 888 ἵ
225 796 305 862 mihi
320 795 536 881 saepedixistis
559 798 715 882 quoniam
729 815 804 883 quae
822 797 951 881 puerisp·
970 807 1027 863 aut

225 910 470 976 adolescentulis
490 912 583 978 nobis
609 934 650 977 ex
668 911 942 976 commentariolis
956 910 1029 975 nos-

170 1001 171 1016 *
226 1023 287 1090 tris
310 1024 461 1090 inchoata
482 1044 520 1091 ac
537 1026 631 1091 rudia
651 1027 859 1102 exciderunt,
894 1026 948 1092 vix
965 1025 1027 1091 hae

170 1177 171 1214 p
225 1145 322 1203 aetate
337 1139 452 1222 digna,
481 1138 517 1206 de
535 1140 598 1204 hoc
615 1140 689 1218 uio,
719 1159 815 1224 quem
837 1160 878 1203 ex
899 1136 1027 1219 caulis,

170 1287 171 1302 κ
224 1271 307 1337 quas
323 1253 479 1330 diximus,
502 1261 552 1318 tot
560 1255 720 1338 tantisque
730 1253 890 1318 consecuti
899 1255 1025 1332 sumust

170 1355 171 1414 ἶ
223 1365 348 1449 aliquid
363 1363 474 1460 iisdem
488 1368 528 1432 de
550 1367 645 1434 rebus
660 1367 792 1451 politius
814 1359 939 1431 anobis
953 1379 1028 1450 pen·-

222 1477 400 1565 festiusque
421 1480 575 1565 proferriz
610 1481 1026 1565 solesque·nonnumquanr

220 1591 282 1657 hac
303 1595 345 1657 de
355 1611 392 1657 re
409 1610 491 1657 ame
504 1594 538 1659 in
551 1594 819 1678 disputationibus
833 1593 947 1658 nostrIs
964 1585 1030 1658 dile

220 1704 357 1772 sentire:
389 1708 475 1790 quod
498 1727 558 1789 ego
584 1704 898 1790 prudentiffimorum
911 1707 1026 1772 ·homi·

221 1840 302 1886 num
319 1819 443 1886 artibus
454 1820 673 1904 eloquentiam
691 1821 851 1890 contineri
865 1819 1024 1900 statuam
1074 1803 1080 1818 ’

218 1937 260 2000 tu
278 1943 389 1998 autem
402 1934 491 1998 illam
505 1935 545 1998 ab
562 1935 721 2019 elegantia
743 1931 899 2000 dostrinae
922 1935 1026 2018 segree

220 2048 359 2130 gandam
372 2056 484 2131 putes,
513 2046 546 2113 &
569 2049 603 2112 in
625 2050 766 2135 quodam
786 2048 907 2131 ingenii
929 2057 1026 2131 atque

218 2160 460 2253 exercitationis
474 2183 592 2243 genere
607 2164 798 2246 ponendam.
1035 2161 1040 2174 ’

284 2275 335 2337 Ac
350 2275 430 2337 mihi
444 2277 571 2357 quidem
588 2277 806 2359 saepenumero
829 2275 863 2339 in
884 2275 1053 2350 snmmos⁶

218 2386 368 2455 homines
386 2408 424 2451 ac
434 2392 563 2454 lummis
577 2390 714 2472 ingeniis
726 2389 880 2472 praeditos
893 2391 1023 2453 intuen-

218 2504 263 2578 ti,
287 2504 495 2586 quaerendum
518 2503 578 2567 effe
603 2502 703 2567 visum
724 2503 787 2579 est,
827 2504 903 2587 quid
929 2501 1022 2577 effet,

218 2637 281 2679 cur
303 2617 413 2698 plures
436 2617 471 2678 in
495 2618 643 2681 omnibus
665 2618 777 2693 rebus,
810 2636 906 2698 quam
925 2618 958 2678 in
976 2615 1025 2678 di·

217 2730 321 2793 sendo
341 2731 542 2797 admirabiles
564 2729 761 2795 exstitissent.
808 2729 912 2806 Nam,
944 2750 1025 2812 quo·

219 2861 351 2924 cunque
363 2850 396 2906 te
409 2845 516 2906 animo
539 2843 574 2908 &
597 2845 791 2927 cogitatione
806 2844 1022 2919 converteris,

217 2957 397 3039 permultos
412 2956 604 3021 excellentes
618 2959 788 3039 inquoque
804 2977 919 3037 genere
935 2957 1023 3020 vide·

218 3069 286 3145 bis,
309 3089 373 3131 non
393 3070 602 3133 mediocrium
619 3072 748 3145 artium,
772 3072 823 3132 sed
839 3088 937 3150 prope
954 3086 1022 3130 ma·

217 3182 390 3246 ximarum.
437 3183 520 3256 Quis
537 3187 622 3246 enim
637 3184 698 3261 est,
722 3184 796 3266 qui,
819 3181 1052 3254 siclarorum7

217 3295 388 3358 hominum
401 3295 564 3359 scientiam
580 3319 688 3361 rerum
708 3295 864 3378 gestarum
888 3295 937 3359 vel
957 3293 1023 3356 uti-

217 3408 313 3472 litate
335 3411 384 3472 vel
400 3411 619 3490 magnitudine
637 3410 744 3474 metiri
764 3409 860 3485 velit,
889 3396 1025 3470 nonan·

216 3529 352 3603 teponat
379 3525 499 3586 oratori
528 3523 780 3606 imperatorem?
807 3521 895 3595 Quis
913 3533 1023 3585 autem

216 3636 362 3711 dubitet,
390 3638 468 3719 quio
488 3638 563 3702 belli
576 3640 674 3702 duces
694 3633 963 3724 praestantiffimos
984 3654 1023 3697 ex

773 3751 848 3835 A4
