2725 4350
315 520 379 583 182
480 503 551 571 DE
579 490 956 584 IJNVENTIONE

259 737 268 764 ,
316 681 409 748 Inter
425 700 498 754 eoa,
521 679 579 762 qni
595 679 729 753 heredes
743 678 776 741 in
789 678 907 772 tabu-iia
918 658 1118 761 scriptisunt,

237 810 240 820 '
318 782 454 859 &inter
471 801 603 874 agnatos
612 836 623 869 ,
652 770 695 856 do¹
712 791 890 855 hereditate
906 793 1120 860 controverfia

317 906 374 972 ost.
421 906 585 970 Hiocerta
599 906 670 980 lea,
695 923 769 986 quae
787 903 971 969 testamenti·
980 907 1120 974 faciendi

317 1020 379 1097 iia,
403 1020 463 1102 qui
481 1018 515 1081 in
530 1039 571 1082 eo
584 1019 656 1083 loco
674 1016 753 1093 fint,
776 1007 897 1081 adimat
914 1018 1118 1100 potestatem,

316 1132 405 1200 nulia
419 1132 592 1213 profertur.
637 1133 688 1195 Ex
703 1132 818 1196 ceteris
831 1131 968 1212 legibue,
992 1133 1025 1198 δι
1043 1156 1119 1220 quae

254 1249 257 1256 '
318 1246 407 1310 bono
419 1243 521 1327 ipsum
536 1245 688 1329 supplicio
704 1242 886 1328 hujusmodi
903 1243 1062 1324 afficiunt,
1086 1248 1121 1315 &

219 1354 232 1391 ·’
318 1378 392 1443 quae
407 1361 448 1424 ad
466 1356 647 1422 testamenti
662 1358 802 1423 faciendi
819 1357 1006 1439 potestatem
1021 1336 1122 1441 perti·

316 1480 412 1547 nent,
433 1491 490 1554 per
507 1470 785 1536 ratiocinationem
802 1472 995 1535 veniendum
1011 1474 1056 1537 est
1079 1478 1120 1543 ad

317 1584 473 1669 ejusmodi
485 1584 654 1660 rationem,
675 1592 714 1647 ut
724 1592 904 1665 quaeratur,
927 1585 1120 1656 habueritne

169 1707 173 1714 ’
252 1694 305 1755 1'50
318 1697 497 1762 testamenti
506 1697 644 1763 faciendi
657 1698 857 1780 potestatem.
889 1675 993 1767 Locris
1007 1710 1118 1767 autem

317 1830 507 1876 communes
520 1812 583 1875 hoc
598 1811 633 1875 in
647 1831 763 1893 genere
779 1815 1033 1894 argumentandi,
1047 1816 1119 1897 hos,

317 1922 354 1990 ἃ
375 1923 553 2007 hujusmodi
570 1923 720 2007 quosdam
739 1924 799 1989 effe
816 1926 1029 1992 arbitramur:
1052 1932 1119 2013 pri·

221 2081 235 2096 e
318 2038 519 2121 mum,-ejua
533 2037 660 2122 scripti,
682 2041 768 2121 quod
781 2041 941 2122 proferas,
962 2043 1123 2108 laudatio·

318 2173 393 2218 nem
409 2149 444 2218 bc
458 2120 752 2218 confiuntationern:
776 2152 969 2236 deindeejus
981 2158 1039 2233 rei,
1055 2178 1119 2239 qua

318 2269 360 2332 de
374 2276 555 2350 quaeratur,
575 2288 649 2332 curn
665 2288 726 2345 eo,
749 2269 790 2331 de
806 2287 873 2351 quo
891 2269 1029 2347 constat,
1053 2274 1120 2335 col·

202 2407 205 2420 ·
236 2398 241 2428 ι’
316 2381 471 2446 lationem
492 2381 662 2465 ejusmodi,
685 2391 722 2444 ut
740 2382 788 2456 id,
812 2384 851 2445 de
868 2402 931 2464 quo
948 2370 1136 2464 quaeritur)

159 2551 162 2566 ,
317 2495 394 2570 reb,
424 2496 465 2557 de
493 2513 558 2576 qua
578 2492 723 2568 constet,
749 2491 851 2556 simile
870 2492 938 2556 effe
954 2494 1119 2561 videatur:

275 2587 278 2594 ¹
315 2604 424 2689 postea
438 2605 684 2668 admirationem
705 2621 761 2685 per
778 2603 1035 2678 contentionem,
1059 2610 1119 2689 qui

192 2762 196 2771 ,
315 2713 503 2799 fieriposs'rt,
524 2723 575 2792 nt,
599 2716 655 2797 qui
664 2716 726 2781 boc
738 2693 865 2798 aequum
876 2714 938 2780 esse
950 2722 1118 2801 concedat,

204 2854 206 2861 ·
316 2829 400 2909 illud
423 2836 540 2910 neget,
563 2831 653 2911 quod
667 2836 732 2897 aut
749 2828 898 2910 aequiua,
920 2839 979 2895 aut
1000 2835 1117 2919 eodem

316 2939 356 3007 fit
370 2942 404 3008 in
422 2961 559 3024 generet
581 2943 696 3020 deinde
707 2915 834 3006 ideireo
848 2943 909 3006 hac
929 2946 968 3010 de
986 2967 1021 3009 re
1036 2949 1117 3014 nihil

207 3073 209 3077 ⁴
239 3051 242 3056 ’
315 3053 380 3122 effe
397 3056 564 3139 scriptun,
591 3060 698 3140 qnod,
716 3076 798 3120 'cnm
814 3055 853 3121 de
868 3057 924 3121 illa
943 3057 1021 3123 esset
1040 3061 1116 3125 scri-

166 3148 171 3183 ³
229 3188 231 3193 ·
315 3147 426 3269 otoni(
440 3172 481 3234 de
493 3171 553 3233 hae
569 3188 605 3234 re
619 3170 660 3247 ia,
682 3170 741 3253 qui
758 3170 930 3248 scribebat,
952 3173 1115 3265 nerninem

196 3314 199 3320 ·
250 3301 300 3359 151
317 3278 540 3349 dubitaturum
560 3284 734 3347 arbitratus
751 3281 809 3346 fit:
831 3284 939 3367 postea
956 3286 1064 3348 multis
1079 3287 1114 3350 in

312 3399 438 3480 legibus
453 3397 554 3461 multa
563 3396 625 3462 eise
633 3396 806 3481 praeterita,
818 3417 890 3480 quae
899 3399 1018 3462 idcirco
1030 3418 1115 3481 prae·

177 3494 182 3516 ’
313 3513 409 3576 terite
424 3532 519 3576 nemo
534 3511 727 3589 arbitretur;
756 3514 844 3594 quod
857 3533 896 3574 ex
914 3512 1048 3588 ceteris,
1072 3513 1112 3574 de

245 3640 261 3717 J
313 3624 430 3713 quibua
445 3624 595 3710 scriptum
610 3621 665 3704 fit,
688 3624 824 3710 intelligi
837 3621 971 3709 possint:
996 3624 1113 3691 deinde
1145 3636 1147 3640 ‘
