2725 4350
316 464 382 559 13⁶
488 467 571 537 DE
614 457 961 570 ORATORE

203 642 205 645 ’
318 639 443 712 tulerit.
488 644 588 724 Haec,
611 643 647 710 dr
664 665 737 732 quae
755 641 900 727 iinte'os
916 643 1057 727 generis,
1077 647 1133 710 ia-

320 759 383 826 cile
404 755 543 838 videbit,
580 759 637 843 qui
658 758 747 824 volet
766 758 897 823 laudare
922 760 1134 842 quempiam

229 874 312 939 'lli
323 872 358 941 dr
373 871 431 961 qui
449 852 649 956 vituperare,
672 872 846 938 contraria.
874 869 963 937 Cur
953 872 1055 955 igitur
1069 874 1132 937 du-

303 983 427 1063 bitae,
450 985 562 1067 inquit
589 984 743 1064 Catulus,
778 986 886 1050 facere
907 985 970 1050 hoe
995 988 1132 1052 tertium

322 1119 437 1194 genuq,
459 1097 614 1181 quoniam
629 1098 1042 1167 inestmrat10nererum2
1064 1118 1130 1163 non

323 1212 432 1289 enim,
457 1210 481 1276 fi
501 1211 546 1300 eil
565 1212 709 1289 facilius,
731 1232 770 1278 eo
790 1213 830 1277 de
846 1230 984 1277 numero
1000 1221 1132 1297 quoque

322 1324 370 1408 est
387 1326 634 1407 excerpeudum.
667 1324 755 1401 Quia
767 1326 855 1405 nolo,
870 1326 991 1409 inquit,
1009 1328 1139 1406 omnia,

173 1455 175 1458 ’
280 1527 282 1530 ¹
325 1458 400 1524 quae
422 1438 541 1502 cadunt
560 1433 733 1521 aliquando
757 1434 792 1503 in
815 1446 994 1517 oratorem,
1016 1432 1132 1522 quam·

167 1623 168 1626 ,
325 1554 376 1619 vis
400 1551 516 1633 exigua
533 1547 613 1628 fint,
644 1571 684 1616 ea
701 1548 744 1615 fic
762 1550 917 1629 tractare,
947 1550 1037 1636 quali
1053 1553 1136 1617 nihil

282 1670 316 1733 ⁴8
326 1662 419 1750 poffit
432 1664 496 1727 dici
507 1661 572 1727 fine
586 1665 758 1749 praeceptis
770 1664 846 1731 suis.
890 1663 976 1731 Nam
993 1664 1029 1732 ἃ
1044 1665 1135 1733 testi-

226 1839 233 1856 ,Χ
325 1755 472 1844 monium
488 1776 569 1861 saepe
584 1777 756 1845 dicendum
765 1778 820 1856 est,
839 1798 877 1843 ac
890 1799 1134 1863 nonnumquam

286 1934 288 1938 ψ
325 1892 426 1956 etiam
442 1892 641 1969 accuratius,
664 1901 702 1957 ut
716 1891 927 1966 mihinecesie
939 1894 1002 1968 fuit
1011 1894 1046 1956 in
1056 1890 1131 1961 Sex.

290 2024 293 2030 ’
309 2001 478 2083 -Titium,
507 2004 689 2070 seditiosum
709 2005 813 2072 civem
828 2004 865 2085 „dr
882 2007 1131 2073 turbulentum:

326 2117 487 2204 explicavi
504 2118 545 2182 iu·
562 2139 601 2184 eo
619 2118 801 2184 testimonio
825 2120 981 2198 diceudo,
1023 2121 1134 2187 omnia

309 2231 458 2310 ⁴confilia
472 2217 657 2297 consulatus
679 2235 762 2311 mei,
783 2233 908 2318 quibus
928 2234 978 2299 illi
1001 2236 1133 2300 tribuno

325 2347 430 2431 plebis
447 2365 506 2450 prro
519 2347 682 2432 republica
702 2347 903 2425 restitissem,
931 2366 1070 2433 quaeque
1092 2349 1132 2412 ab

251 2477 258 2489 ’
326 2481 368 2524 eo
385 2469 499 2524 contra
511 2456 744 2543 iempublicam
758 2459 845 2537 facta
864 2460 1051 2540 arbitrarer,
1062 2483 1133 2540 ‚ex-

324 2573 429 2656 posui.
455 2562 468 2617 ἶ
495 2571 562 2637 Diu
584 2581 729 2638 retentus
751 2574 841 2651 sum,
871 2575 975 2638 multa
998 2574 1136 2652 audivi,

326 2686 431 2749 multa
445 2684 602 2768 respondi.
639 2683 973 2781 Num'igiturplacet,
997 2703 1072 2748 cum
1091 2686 1138 2752 do

325 2798 511 2883 eloquentia
525 2799 713 2882 praecipias,
735 2800 855 2885 aliquid
876 2799 975 2862 etiam
983 2800 1023 2863 de
1043 2796 1135 2863 telli-

249 2900 444 2977 moniis
460 2911 617 2988 dicendis,
633 2913 741 2996 quafi
729 2934 765 2982 ιιι
779 2919 847 2978 arte
861 2910 1014 2977 tradere?
1042 2910 1137 2986 Nihil

260 3037 312 3101 12
326 3024 417 3102 sane,
447 3023 553 3108 inquit
567 3025 722 3105 Catulus,
752 3025 876 3091 necelie
898 3025 955 3090 est.
1001 3022 1132 3101 Quidfi

192 3132 208 3182 l
280 3135 439 3222 49(qu0d
454 3137 538 3220 saepe
559 3138 690 3202 summis
716 3140 793 3226 viris
815 3139 953 3216 accidit)
979 3141 1131 3205 mandata

323 3249 386 3316 flnt
398 3253 607 3336 exponenda,
630 3260 689 3316 aut
702 3253 736 3316 in
749 3253 859 3318 senatu
869 3255 908 3318 ab
922 3253 1131 3337 imperatore,

250 3376 252 3382 '
314 3375 383 3451 aut
401 3366 441 3428 ad
457 3364 701 3448 imperatorem,
726 3375 782 3432 aut
799 3369 839 3430 ad
853 3386 961 3450 regem
970 3411 982 3444 ,
1014 3367 1131 3432 autad

170 3540 194 3567 Γ,
222 3511 223 3517 1
320 3479 479 3560 populum
495 3477 638 3563 aliquem
655 3477 819 3545 asenatu?
840 3499 920 3546 num
936 3479 1012 3562 quia
1030 3499 1150 3563 gene-.

317 3609 357 3658 re
374 3591 529 3659 orationis
553 3592 588 3657 in
605 3590 788 3676 hujusmodi
809 3590 911 3659 caufis
930 3594 1151 3673 accuratiore,
