2725 4350
357 528 445 622 142⁴
529 534 1000 604 DroRA'ronr:

353 708 408 777 hit
423 730 476 775 me
491 709 545 793 (ut
562 709 645 798 dixi)
661 710 809 789 obtenu,
831 712 889 796 qui
905 721 956 777 res
971 710 1088 807 gestan!
1110 723 1168 783 aut
1197 746 1199 752 ·

356 825 415 910 qui
439 828 603 891 orationes
627 827 819 911 scripserunt
840 826 930 904 suas,
965 834 1022 892 aut
1047 831 1166 917 quista

356 939 555 1025 loquuntur,
577 949 617 1005 nt
635 941 808 1006 videantur
822 939 958 1015 ⁴voluisse
972 943 1066 1008 nobis
1075 915 1098 1022 ,Ι
1108 946 1165 1029 qui

292 1038 346 1127 15
358 1074 425 1119 non
438 1039 547 1119 sumus
563 1052 781 1133 eruditissrmi,
804 1053 866 1119 esse
880 1055 1070 1125 familiares.
1100 1054 1163 1125 Sed

235 1151 237 1156 ’
269 1161 277 1238 .’
312 1131 435 1235 ⁶2illnc
450 1149 560 1252 redeo.
604 1167 788 1246 Videtisne,
818 1177 975 1254 quantum
991 1191 1113 1267 mamus
1126 1171 1179 1239 fit‘

330 1353 332 1356 ,
354 1284 495 1349 oratoris
506 1281 661 1348 historia?
679 1284 770 1350 haud
780 1281 865 1361 scio,
886 1301 928 1376 an
939 1281 1076 1352 flumIne
1090 1306 1162 1352 ora·

352 1396 474 1485 tionis,
503 1396 717 1463 &varietate
738 1397 927 1463 maximum.
970 1396 1088 1482 Neque·
1110 1410 1162 1468 ta·

352 1495 645 1595 metamreperio
654 1510 787 1595 usquam
795 1511 964 1594 separatim
973 1508 1160 1594 instrudtam

351 1626 523 1692 rhetorum
550 1625 746 1710 praeceptis.·
789 1621 859 1689 Sita
878 1625 951 1690 sunt
975 1625 1066 1690 enim
1084 1637 1159 1695 ante

351 1720 476 1805 ocrilos.
521 1737 609 1804 Nam
624 1739 697 1825 quis
718 1717 837 1814 nescit,
865 1739 1000 1822 primam
1024 1739 1088 1805 esse
1107 1743 1158 1808 hi·

250 1913 252 1918 .
332 1842 458 1921 'stonae
472 1854 596 1937 legem,
627 1874 670 1919 ne
697 1852 775 1938 quid
792 1850 861 1918 falfi
887 1853 994 1918 dicere
1013 1856 1157 1925 audeat?

347 1967 467 2036 ¹deinde
493 1987 535 2032 ne
560 1968 638 2054 quid
658 1967 729 2034 veri
748 1988 815 2031 non
839 1965 982 2052 audeat?
1026 1987 1069 2034 ne
1094 1989 1157 2056 qua

348 2082 485 2169 suspicio
517 2083 633 2165 gratiae
660 2081 699 2146 fit
723 2082 765 2146 'in
794 2080 985 2147 scribendo?
1026 2103 1069 2149 ne
1092 2103 1155 2168 qua

247 2250 256 2275 ,
305 2179 546 2264 ⁶3fimultatis?
584 2198 668 2262 Haeo
690 2197 811 2262 scilicet
840 2186 1050 2263 fundamenta
1079 2207 1157 2266 nota

197 2308 199 2311 ’
267 2302 270 2306 ’
348 2314 424 2380 sunt
439 2312 600 2377 omnibus.
645 2312 718 2395 Ipsa
737 2319 848 2388 autem
867 2301 1156 2401 exaedificatiopo·

348 2426 409 2495 fita
423 2425 513 2491 estin
531 2428 645 2501 rebus,
668 2424 703 2490 δι
720 2424 840 2492 verbis.
867 2424 991 2491 Rerum
1005 2429 1088 2492 ratio
1102 2449 1157 2494 or·

220 2610 222 2615 ,
348 2544 459 2607 dinem
480 2547 664 2624 temporum
691 2537 865 2617 desiderat,
901 2541 1069 2622 regionum
1098 2546 1155 2609 de-

346 2656 577 2742 scriptionem:
601 2656 672 2719 vult
688 2656 806 2732 etiam,
837 2654 988 2738 quoniam
1003 2658 1038 2718 in
1054 2658 1156 2724 rebus

346 2769 473 2850 magnis
488 2769 707 2851 memoriaque
722 2768 826 2851 dignis
844 2765 972 2855 confilia
987 2768 1133 2852 primum
1141 2818 1154 2852 ,

330 2879 563 2959 'deindeattm
586 2881 694 2967 postea
705 2863 840 2948 eventus
857 2863 1093 2966 exspettantur,
1116 2886 1153 2954 δε

345 2999 388 3064 de
401 2995 538 3062 consiliis
553 2995 744 3081 fignificari,
767 2999 844 3083 quid
859 2997 994 3082 scriptor
1016 3001 1153 3082 probet,

344 3109 381 3180 dr
396 3113 431 3177 in
445 3113 540 3178 rebus
553 3110 648 3195 gestis
666 3111 852 3191 declarari„
870 3133 937 3176 non
954 3113 1054 3177 solum
1073 3116 1168 3200 quid

319 3222 321 3227 ’
344 3225 455 3292 astum
473 3234 530 3290 aut
545 3222 669 3290 dietum
686 3224 740 3304 fit,
771 3227 824 3290 sed
846 3228 946 3291 etiam
966 3231 1152 3310 quomodor

254 3423 256 3426 .
344 3340 382 3407 dr
402 3354 478 3406 cum
495 3341 535 3405 de
545 3341 814 3429 eventu-dicatur
822 3384 832 3419 ‚
862 3350 902 3405 ut
923 3342 1025 3405 causae
1048 3345 1153 3428 expli·

290 3462 293 3481 ·“
342 3463 460 3520 centur
474 3476 609 3550 omnes,
631 3455 684 3520 vel
699 3454 810 3533 casus,
833 3454 886 3521 vel
899 3454 1074 3540 sapientiae,
1100 3459 1154 3526 vel

328 3555 554 3663 temeritatis:
582 3571 816 3655 homiuumque
843 3571 984 3654 ipsorum
1008 3594 1073 3636 non
1100 3575 1153 3638 so·

247 3752 266 3781 ⁸
342 3681 414 3751 dom
427 3703 481 3752 res
491 3682 682 3771 geste-,sed
699 3685 816 3768 etiam,
846 3685 903 3771 qui
922 3687 1008 3752 sama
1028 3707 1066 3752 ac
1089 3686 1155 3769 rao-'J
1166 3717 1169 3721 ·
