2725 4350
506 445 799 564 nnvnve
988 468 1051 586 ὦς

252 676 358 747 illem,
381 689 442 735 nec
458 668 590 734 decebat
604 668 708 734 idem:
730 670 882 753 qnodque
896 675 1053 740 exercite·

251 786 375 851 tionem
403 781 607 864 studiumque
631 782 816 860 dimiserat,
848 788 935 869 quod
955 786 989 850 in
1012 807 1052 851 eo

253 900 360 965 luerat
374 895 585 971 acerrimum,
608 896 805 959 concinnitas
818 897 874 962 ille
889 898 1054 964 crebrltnl·

256 1031 318 1094 que
340 1008 564 1074 sententiarum
586 1006 716 1090 pristine
739 1011 910 1087 manebat3
941 1012 993 1077 sed
1014 1032 1054 1077 ee

256 1122 369 1188 vestitu
389 1121 444 1185 illo
464 1120 642 1195 orationis,
666 1141 731 1204 quo
753 1125 979 1201 consueverat,
1001 1144 1071 1202 ors

256 1242 329 1299 nata
348 1215 515 1298 numeret.
549 1232 623 1304 Hoc
638 1234 697 1297 tibi
713 1234 787 1311 ille,
809 1238 925 1313 Brute,
948 1238 1054 1303 minus

256 1340 385 1411 lortaffe
397 1346 527 1429 placuit,
549 1364 646 1429 quem
658 1346 832 1429 placuisset,
855 1346 981 1415 suillum
995 1350 1055 1414 iln-
1129 1429 1133 1436 Ι

256 1468 400 1544 mantem
417 1458 537 1535 studio,
561 1456 597 1523 δι
616 1457 783 1525 florentem
806 1463 976 1540 facultate,
998 1482 1055 1527 eu·
1080 1461 1083 1468 ’

257 1570 504 1658 ditepotulffee.
548 1569 634 1634 Tum
652 1574 782 1649 Brutus,
804 1574 873 1655 Ego
888 1596 982 1652 vero,
1004 1555 1120 1662 im96

258 1686 346 1771 quit,
369 1683 403 1749 δι
417 1683 494 1760 istu,
517 1702 591 1766 quae
610 1682 710 1760 dicis,
735 1686 827 1749 viden
848 1689 953 1769 qualia
976 1669 1054 1767 lint',
1068 1669 1120 1727 ³²⁸

258 1796 291 1864 ἃ
308 1795 510 1882 Hortensium
523 1814 674 1877 maguum
688 1806 848 1861 oratorem
862 1800 982 1883 semper
992 1821 1055 1884 pu.

244 1910 334 1988 tavi,
357 1910 560 1991 maximeque
576 1909 705 1991 probavi
721 1928 777 1988 pro
792 1909 1053 1985 Mellallanicen-

259 2029 341 2097 tem,
365 2041 439 2085 cum
456 2030 493 2085 tu
515 2020 650 2084 abfuisti.
696 2018 748 2084 Sic
764 2022 890 2100 ferunt,
912 2024 1055 2107 iuquam,

261 2119 356 2218 idque
372 2134 510 2199 declarat
519 2134 670 2208 totidem,
693 2117 772 2215 quet
787 2135 882 2211 dixit,
905 2150 943 2202 ut
955 2137 1055 2219 alunt,

260 2246 371 2330 scripta
388 2248 491 2310 verbis
509 2247 622 2310 oratio.
665 2247 751 2327 Ergo
766 2247 820 2310 ille
833 2247 964 2313 actaffo
980 2271 1057 2314 con·

260 2360 326 2424 lule
341 2359 375 2424 ἃ
390 2357 533 2421 Scaevola
546 2360 693 2441 usquead
709 2359 856 2423 Paullum
872 2359 905 2424 ἀ
921 2362 1056 2427 Marcel-

262 2473 327 2536 lum
344 2472 484 2534 eonsules
495 2471 619 2546 floruit3
643 2492 701 2533 nes
714 2473 747 2534 in
761 2475 871 2536 eodem
886 2474 978 2538 cursu
992 2476 1055 2538 ful·

262 2602 331 2648 mus
347 2604 366 2647 a
381 2581 467 2646 Sulla
484 2582 638 2647 dittatore
660 2586 699 2648 ad
715 2585 841 2648 eosdem
860 2589 927 2651 fere
944 2587 1058 2652 eonsu-

260 2695 316 2760 les.
363 2694 415 2758 Sic
431 2679 475 2771 Q.
493 2693 653 2760 Horteufii
673 2718 735 2760 vox
751 2696 902 2763 exstintta
918 2700 985 2764 fatu
999 2700 1055 2765 suu

261 2788 324 2887 eli]
346 2807 449 2871 nostra
472 2809 610 2890 publico.
647 2796 808 2888 illelius,
832 2811 952 2894 quaelo,
975 2815 1056 2879 omi·
1072 2813 1123 2870 ³²⁹

247 2940 353 2997 nare,
382 2919 488 3001 inquit
508 2923 641 2985 Brutus.
686 2920 736 2983 Sit
756 2923 828 2987 sane
853 2926 978 3000 ulvis,
1006 2928 1056 2990 in·

262 3053 375 3115 quam3
401 3030 480 3095 &id
495 3051 559 3094 non
575 3041 641 3095 tam
656 3053 732 3097 mea.
743 3034 852 3111 causas
869 3055 964 3119 quam
980 3045 1057 3103 tuat

261 3144 313 3211 led
321 3147 504 3208 fortunatus
519 3145 604 3209 illius
621 3146 740 3222 exitus,
761 3149 816 3230 qul
832 3167 870 3211 ea
885 3169 948 3212 non
966 3151 1058 3229 vidit,

262 3279 334 3321 cum
361 3255 499 3333 fierent,
529 3276 601 3339 quae
627 3259 765 3340 providit
792 3261 912 3325 future.
964 3258 1057 3344 Saepe

261 3371 347 3434 enlm
361 3366 513 3431 internos
526 3370 745 3452 impendentes
758 3372 844 3436 casus
854 3372 1057 3451 deflevimus,

262 3479 426 3545 cumbelli
446 3480 549 3545 civilis
571 3483 677 3547 causas
698 3483 732 3548 ln
753 3485 950 3566 privaturum
966 3487 1057 3570 eupi-

262 3593 414 3659 ditetibue
427 3594 579 3675 inclusas,
600 3599 688 3682 pacis
704 3595 789 3682 spem
803 3617 823 3661 a
836 3598 963 3680 publicu
977 3617 1053 3667 cun·
1112 3675 1114 3682 ¹

806 3709 880 3794 Ys
