2725 4350
354 487 423 553 ,54
510 435 993 542 'ououn'rorou

356 651 415 723 ut,
437 640 462 707 fi
481 642 538 707 coi
558 640 597 706 fit
609 640 762 706 infinitio
778 642 908 725 spiritus
926 648 1049 729 dorus,
1073 659 1164 719 tameo

359 778 437 825 anm
454 766 644 841 perpetuare
661 758 757 821 verba
774 758 929 824 nolimus.
962 763 1003 827 Id
1021 768 1112 832 enirn
1126 769 1169 835 rui

360 873 451 938 ribus
465 870 580 935 nostris
593 879 720 953 gratum
736 868 780 934 est
796 871 993 953 inventum,
1018 886 1109 963 quod
1123 885 1166 947 ho·

361 987 490 1051 minum
508 986 663 1050 latentur
683 992 749 1048 non
768 984 941 1064 tolerabile
963 990 1101 1074 solum,
1126 996 1165 1063 sed

292 1105 347 1192 47
362 1100 462 1165 etiam
476 1098 571 1163 facile
588 1096 652 1161 effe
671 1096 783 1181 pofl'et.
825 1097 1031 1183 Lougifflna
1054 1109 1100 1174 est
1121 1110 1167 1193 igit

290 1200 345 1258 ¹⁸²
361 1221 418 1279 tur
433 1212 614 1298 complexio
631 1213 813 1288 verborum,
835 1234 909 1295 quoe
926 1219 1021 1284 volvi
1036 1242 1105 1288 uno
1121 1224 1164 1308 spi·

359 1328 427 1392 ritu
440 1325 554 1411 potest.
591 1322 655 1390 Sed
665 1312 720 1388 hic
735 1335 861 1389 naturae
874 1334 996 1404 modus
1010 1335 1082 1416 est,
1104 1338 1165 1402 arti

358 1440 455 1505 aliur.
495 1459 570 1505 nam
592 1459 666 1501 cum
690 1434 751 1500 fint
767 1417 898 1504 numeri
914 1446 1062 1527 pluton
1098 1451 1161 1535 jan·

358 1556 437 1622 bum
459 1552 495 1617 δι
522 1552 703 1614 trochaeum
731 1552 935 1633 frequentem
967 1559 1118 1647 segregat
1134 1564 1160 1627 rt

358 1675 486 1731 oratore
499 1663 709 1742 Aristoteles,
732 1664 865 1744 Catule,
888 1668 1019 1751 vester,
1045 1679 1104 1760 qui
1118 1696 1158 1742 na·

347 1784 431 1853 ,tura
451 1786 562 1843 tamen
577 1778 752 1843 incurrunt
769 1776 826 1860 ipfi
848 1780 885 1844 in
906 1786 1099 1856 orationem
1114 1792 1157 1857 ser·

224 1944 228 1954 .
354 1912 551 1976 monemque
570 1890 734 1970 nostrum
764 1891 817 1956 sed
840 1892 913 1958 sunt
934 1898 1084 1983 indignes
1106 1922 1158 1990 par·

230 2056 235 2078 ,
356 2006 514 2073 cuffionea
529 2027 645 2098 eorum
663 2026 894 2086 numerorum,
916 2010 953 2076 δι
974 2015 1102 2083 minuti
1118 2038 1158 2103 pr·

356 2124 424 2189 des.
456 2122 566 2198 Quare
586 2119 729 2206 primum
749 2122 789 2184 ad
803 2120 941 2189 heroum
955 2147 1020 2194 nos
1038 2131 1159 2219 dactyli,

355 2236 390 2303 dt
414 2236 581 2318 anapaesti,
611 2232 645 2298 δι
669 2232 799 2315 spondei
820 2239 935 2318 pedem
960 2241 1110 2311 invitat:
1135 2249 1158 2310 io

356 2372 423 2433 quo
453 2351 584 2431 impune
616 2348 764 2430 progredi
797 2349 875 2434 licet
910 2354 981 2418 duo
1015 2363 1159 2426 duntaxat

354 2466 471 2544 podes,
501 2471 559 2526 aut
582 2462 693 2544 paullo
721 2463 816 2542 plus,
847 2484 890 2527 ne
915 2467 1014 2547 plane
1039 2475 1075 2540 in
1099 2496 1158 2541 ver.

301 2649 304 2658 Ι
354 2577 442 2649 sum,
462 2584 518 2638 aut
538 2573 779 2639 similitudinem
800 2578 948 2642 versuum
967 2583 1157 2653 incidamus.

352 2689 437 2753 Aliae
454 2689 527 2753 sunt
540 2688 695 2771 geminae,
719 2691 837 2772 quibus
855 2691 889 2754 hi
908 2701 979 2758 tres
998 2698 1096 2766 heroi
1112 2722 1156 2784 pe·

351 2805 407 2867 des
428 2804 462 2866 in
486 2802 642 2886 principia
661 2803 958 2868 continuandorum
986 2816 1155 2879 verborum

281 2916 333 2986 1283
350 2917 424 2980 satis
439 2919 554 2979 decore
567 2918 701 2981 cadunt.
746 2917 904 2980 Probatur
920 2930 1035 2987 autem
1057 2929 1098 2991 ab
1112 2948 1157 2993 eo·

347 3035 422 3095 dem
430 3030 486 3094 illo
500 3028 639 3093 maxime
648 3048 762 3114 paeon3
786 3031 846 3112 qui
858 3031 903 3094 est
914 3034 1052 3118 duplex.
1079 3041 1154 3106 Nam

346 3151 440 3209 outa
459 3143 554 3226 longa
570 3142 696 3222 oritur,
718 3164 814 3226 quam
830 3152 895 3208 tres
917 3146 1037 3216 breves
1057 3157 1155 3220 conse·

346 3264 510 3342 quuntur,
539 3264 578 3320 ut
601 3257 671 3320 haec
700 3258 821 3335 verba,
846 3254 988 3344 definite„
1017 3269 1155 3351 incipite,

345 3370 555 3453 cumprimum
576 3379 632 3434 aut
655 3390 674 3434 a
697 3371 849 3437 brevibus
867 3376 1023 3460 deinceps
1043 3382 1153 3454 tribur,
1175 3446 1179 3457 ,

344 3489 491 3545 extrema
502 3482 667 3564 produtia,
677 3494 773 3570 atque
782 3487 890 3569 longa,
912 3465 1062 3556 ficutilla
1078 3495 1150 3565 suot,

343 3597 556 3680 domuerunt,
572 3597 740 3684 j'oniordus.
783 3601 892 3683 Atque
908 3603 957 3668 iili
970 3605 1151 3693 philosopho
