2725 4350
356 517 422 611 aaa
525 502 993 576 ononarono

358 678 505 748 Catulus.
538 680 582 747 Ut
594 682 647 746 hio
658 679 725 746 fitis
738 682 846 748 hodie.
884 683 994 765 Tum,
1017 707 1094 756 cum
1106 687 1165 760 illd

357 795 538 873 dubitaret,
561 796 647 879 quod
661 798 701 859 ad
718 797 851 862 fratrem
865 801 1064 882 promiserat,
1078 804 1162 889 Ego,

354 907 461 991 inquit
472 911 589 986 Julius,
604 928 662 992 pro
677 917 819 993 utroque
832 912 1025 997 respondeo:
1054 915 1099 981 fio
1110 921 1172 984 sa·

354 1023 499 1088 olemus:
532 1034 630 1107 atque
652 1022 711 1088 ista
725 1023 856 1109 quidem
873 1028 1078 1109 conditione,
1107 1031 1162 1118 vel

311 1144 395 1203 aaut
411 1136 543 1202 verbum
553 1111 684 1202 'nullum
696 1138 836 1216 faceres,
865 1147 1070 1208 metoneres.
1091 1144 1161 1211 Hie

346 1247 629 1321 'Catulurarrisrtt
659 1258 694 1315 et
713 1249 825 1329 simul,
840 1238 1008 1333 ‘Praeeisaj
1028 1252 1157 1342 inquit,

348 1364 436 1431 'mihi
445 1365 574 1447 quidem
585 1365 742 1431 dubitatio
756 1364 813 1444 est,
823 1367 976 1449 quoniam
984 1374 1158 1453 nequedo·

354 1477 618 1563 aniimperaram,
641 1476 675 1543 ἃ
689 1477 760 1555 bic,
782 1481 867 1562 apud
881 1501 978 1566 quem
994 1502 1084 1549 eram
1102 1486 1159 1552 fo·

353 1609 461 1672 turus,
474 1592 540 1656 fine
552 1611 626 1658 mea
644 1592 800 1656 sententia
813 1601 880 1657 tam
893 1596 989 1661 facile
1000 1598 1156 1681 promisit.

415 1709 505 1774 Tum
521 1725 633 1771 omnes
654 1705 768 1770 oculor
786 1706 821 1769 in
845 1706 1026 1774 Antonium
1046 1713 1156 1795 conie-

351 1824 485 1889 cerunt!
508 1819 543 1886 δι
555 1820 628 1894 ille,
648 1793 773 1884 Audite
784 1840 878 1897 vero,
901 1822 1021 1902 audite,
1036 1823 1154 1910 inquit.

253 1957 258 1968 ’
350 1936 528 2005 Hominem
545 1934 632 1998 enim
646 1933 786 1998 audietis
806 1934 845 1998 de
863 1933 990 2013 schola,
1019 1946 1119 2022 atque
1133 1960 1167 2005 a·

351 2050 518 2133 magistro,
549 2045 730 2113 &Graecis
755 2045 873 2110 litteris
891 2051 1066 2116 eruditum.
1111 2054 1154 2119 Et

351 2190 392 2235 eo
410 2165 539 2250 quidem
552 2161 666 2246 loquar
680 2159 926 2242 confidentius,
949 2167 1036 2250 quod
1052 2166 1154 2233 Catu-

285 2355 288 2360 ,
350 2284 403 2348 lus
426 2279 556 2343 auditor
572 2272 715 2340 accellitt
739 2276 792 2339 cui
809 2297 874 2342 non
896 2279 998 2343 solum
1017 2292 1078 2344 nos
1091 2281 1154 2347 La·

350 2396 413 2459 tini
430 2391 602 2466 sermonis,
637 2389 690 2453 sed
718 2389 816 2452 etiam
839 2388 948 2455 Graeci
970 2392 1027 2474 ipfi
1052 2394 1155 2459 solent

348 2510 413 2573 suae
423 2507 542 2587 linguae
557 2503 762 2567 subtilitatem
771 2504 1025 2588 elegantiamque
1035 2526 1155 2572 conce·

307 2626 438 2697 ardore.
504 2615 567 2680 Sed
588 2627 718 2694 tamen,
753 2617 906 2701 quoniam
929 2617 990 2678 hoc
1020 2623 1152 2698 totum,

350 2732 508 2818 quidquid
525 2729 585 2804 est,
609 2727 671 2793 five
687 2730 858 2794 artificium
872 2724 935 2792 five
954 2727 1091 2794 studium
1101 2735 1154 2798 di·

347 2848 463 2921 condi,
492 2842 548 2907 nist
573 2841 771 2920 arcessitos,
803 2843 928 2907 nullum
947 2843 1046 2926 potest
1067 2844 1151 2925 effer

350 2961 473 3023 docebo
490 2978 565 3033 vos,
587 2958 747 3040 discipuli,
772 2960 858 3041 quod
872 2957 938 3041 ipse
952 2978 1017 3021 non
1035 2959 1151 3038 didici,

306 3098 342 3158 30
352 3075 430 3159 quid
450 3074 491 3136 de
513 3071 601 3135 omni
623 3057 739 3152 genere
756 3072 882 3146 dicendi
896 3072 1038 3139 sentiam.
1086 3074 1152 3137 Hic

350 3188 555 3275 posteaquam
569 3185 756 3257 arriserunt,
781 3183 844 3246 Res
862 3184 1084 3277 mihividetur
1102 3187 1151 3249 es·

349 3305 400 3380 se,
423 3282 547 3384 inquit,
567 3299 723 3362 facultate
739 3298 907 3379 praeclara,
932 3310 1002 3362 arte
1026 3300 1153 3365 medio-

243 3418 245 3425 '
352 3418 427 3483 cris.
473 3415 536 3478 Ars
550 3413 636 3477 enim
651 3431 763 3490 earum
782 3429 889 3474 rerum
903 3411 968 3486 est,
996 3432 1069 3496 quoe
1092 3413 1153 3477 sci·

352 3538 470 3592 untur:
494 3527 630 3591 oratoris
647 3536 757 3588 autem
773 3526 876 3588 omnis
891 3523 974 3589 attio
993 3529 1156 3608 opinioni·

352 3641 424 3720 bus,
446 3661 510 3705 non
525 3639 666 3717 scientia,
685 3639 880 3704 continetur.
927 3637 1055 3704 Nam&
1067 3644 1158 3724 apud

1102 3770 1163 3819 ΘΟΕ
