2725 4350
314 509 381 590 246
484 497 958 574 unonnuonn

249 685 301 748 299
317 671 501 764 obessetque
518 682 566 756 el,
588 700 684 764 quem
702 680 915 746 defenderet:
940 681 1027 750 fecit
1044 683 1126 748 enim

317 795 407 863 dese
430 791 672 878 coujesturom
704 793 798 875 ouius
818 802 909 858 tento
933 796 987 862 vio
1008 796 1127 880 ingenii

318 908 381 984 est,
404 908 631 979 utneminem,
652 904 710 971 nifi
727 906 882 985 consulto,
903 917 1003 991 putet
1011 956 1023 987 ,
1045 910 1127 994 quod

319 1030 430 1086 contro
448 1020 581 1104 seipsum
602 1017 656 1097 fit,
679 1020 802 1085 dicere:
825 1016 896 1126 (iod
919 1043 984 1106 ego
1008 1043 1079 1088 non
1092 1025 1130 1088 de

318 1134 481 1219 praestunti
502 1133 641 1218 quidam
663 1132 698 1199 δι
722 1134 839 1198 eximio
851 1179 862 1211 ‚
884 1132 940 1199 sed
964 1155 1072 1219 prope
1092 1138 1128 1208 do

319 1247 444 1330 vulgari
467 1247 502 1312 de
529 1246 692 1311 communi
716 1246 886 1329 prudentio
914 1248 1072 1336 disputo)
1091 1253 1127 1312 ut

320 1363 405 1444 apud
430 1359 561 1425 Graecos
584 1362 687 1424 fertur
701 1359 881 1427 incredibili
898 1362 1050 1443 quodam
1065 1379 1128 1424 mn·

209 1521 212 1534 .
320 1475 490 1557 gnitudine
515 1470 635 1537 confidi
655 1479 751 1556 atque
772 1471 897 1555 ingenii
919 1473 1127 1542 Athenionis

320 1587 377 1651 ille
391 1585 481 1651 fuiffe
490 1584 738 1662 Themistoclen
761 1586 801 1649 od
814 1574 909 1669 quein
921 1586 1062 1669 quidm
1075 1589 1126 1652 do·

322 1698 394 1763 &uo
411 1699 509 1762 homo
529 1708 629 1782 utque
646 1698 680 1762 ln
703 1698 814 1790 primis
830 1699 1004 1778 eruditus,
1029 1698 1127 1766 καί·

320 1809 388 1876 fisse
401 1811 528 1889 dicitur,
542 1812 637 1896 eique
652 1820 755 1875 artem
771 1811 952 1890 memoriae,
967 1833 1048 1899 quae
1059 1821 1126 1880 tun

319 1927 461 2010 primum
476 1926 706 2007 proferebatur,
728 1924 891 2008 pollicitus
908 1924 995 2008 effe,
1020 1927 1127 1995 sotto·

319 2039 487 2106 diturum:
518 2058 592 2104 cum
611 2037 667 2105 ille
685 2035 865 2122 quaesisset,
893 2040 1058 2122 quidnam
1075 2041 1127 2105 illu

320 2171 373 2218 ars
397 2150 525 2218 efficere
549 2150 665 2236 poss'et,
694 2151 804 2218 dixisse
824 2152 1127 2232 illumdostoreu,

320 2277 357 2330 ut
383 2268 491 2329 omnia
516 2263 722 2342 meminiffet3
754 2264 787 2332 &
816 2266 847 2330 ei
871 2266 1128 2333 Themistoclem

319 2377 528 2461 respondisse,
550 2381 674 2462 gratius
692 2377 749 2443 fibi
766 2379 855 2443 illum
871 2378 935 2443 elie
949 2379 1128 2456 fastutum,

319 2489 396 2554 fise
418 2492 579 2568 oblivisci,
602 2511 674 2575 quae
697 2492 811 2568 vellet,
844 2491 990 2574 quamfi
1015 2494 1128 2561 memi-

250 2616 302 2674 30ο
320 2604 414 2683 niss’e,
439 2603 603 2670 docuisset.
647 2602 798 2683 Videsne,
821 2624 893 2688 quae
908 2606 1128 2672 visinhomi·

318 2738 359 2782 ne
377 2706 524 2782 ocerrimi
540 2717 678 2801 ingenii,
701 2737 800 2800 quam
818 2726 934 2804 potens
952 2717 989 2785 de
1009 2728 1129 2804 quanto

317 2850 408 2897 mens
424 2831 547 2897 fuerit?
569 2832 625 2914 qui
642 2831 689 2894 ita
709 2829 920 2914 responderit,
943 2838 986 2896 ut
1007 2833 1130 2900 intelli·

315 2965 392 3028 gere
410 2945 589 3027 poliemus,
612 2943 693 3008 nihil
717 2965 757 3010 ex
776 2944 865 3008 illius
885 2943 1019 3025 animo,
1043 2948 1129 3033 quod
1168 2970 1170 2979 ·

313 3058 410 3122 semel
433 3056 510 3121 esset
530 3047 688 3135 infusum,
718 3076 872 3139 umquam
899 3054 1041 3125 effluere
1072 3080 1130 3144 po·

311 3170 422 3236 tuisse:
447 3190 523 3233 curn
540 3171 669 3252 quidem
684 3171 715 3235 ei
732 3170 831 3234 fuerit
845 3171 1048 3253 optabilius,
1074 3177 1130 3238 ob·

310 3285 411 3350 livisci
434 3282 519 3367 posse
539 3284 665 3369 potius,
696 3284 780 3365 quod
802 3283 979 3347 meminiffe
1005 3289 1128 3363 nollet,

310 3417 405 3479 quam
425 3397 512 3477 quod
534 3396 629 3462 semel
648 3395 783 3460 audisset
800 3393 963 3461 vidissetve
971 3443 981 3474 ,
1009 3401 1130 3464 memi-

307 3507 398 3574 nisse.
443 3506 506 3571 Sed
530 3529 655 3590 neque,
681 3518 810 3593 propter
828 3482 888 3572 hoc
908 3508 1131 3580 Themistocli

301 3624 492 3718 responsum
496 3673 507 3709 ,
524 3623 696 3692 nemone
709 3623 804 3688 noun
820 3640 918 3705 nuent
930 3623 1046 3693 denda
1064 3647 1130 3729 non
