2725 4350
208 411 210 420 '
280 458 348 529 34
446 430 924 554 nnonnaona

212 679 214 686 ,
259 608 264 623 '
282 611 374 680 vium
390 607 651 688 constituendus,
680 606 930 689 dividemus,
958 612 1038 696 quid
1060 613 1092 679 ei

246 761 250 789 ·.
284 727 409 811 negotii
426 719 558 805 demus,
580 724 701 807 cuique
714 712 790 794 eum
811 724 939 790 muneri
955 723 1096 792 velimus

209 886 212 893 -
288 836 577 926 essepraepofitum.
600 835 687 902 Nam
697 836 824 903 Crassus
833 838 914 915 heri,
937 859 1096 920 eumuna,

288 956 405 1024 Catule
421 952 455 1019 dt
471 951 595 1030 Caesar,
614 971 681 1016 non
696 950 856 1029 adeffetis‚
868 952 975 1037 posuit
989 954 1096 1021 brevi·

289 1079 340 1135 ter
352 1071 386 1134 in
404 1064 721 1157 artisndistributione
740 1065 844 1143 idem,
876 1070 966 1150 quod
988 1066 1098 1134 Graeei

288 1184 436 1272 plerique
456 1179 655 1264 posueruntr
690 1198 796 1265 neque
821 1179 895 1264 sane
921 1158 1010 1270 'quid
1030 1181 1099 1266 ipse

289 1296 440 1385 sentiret,
467 1293 520 1360 sed
534 1294 612 1378 quid
634 1294 675 1360 ab
692 1293 757 1358 itlin
780 1292 962 1372 diceretur,
992 1295 1100 1363 osten·

200 1492 222 1500 ,-
245 1471 247 1480 ,
292 1412 358 1477 dit:
379 1412 446 1474 duo
461 1407 565 1493 prima
575 1425 700 1492 genera
716 1406 933 1495 quaestionum
948 1405 1031 1487 effe,
1063 1397 1098 1475 in

232 1583 259 1596 .,
294 1520 835 1615 quibua'eloquentiaversaretur,
863 1502 967 1588 unum
990 1522 1101 1588 infini-

249 1648 384 1716 datum,
413 1637 554 1701 alterum
572 1644 710 1701 certum.
753 1635 923 1703 Infinitum
944 1637 1027 1702 mihi
1052 1638 1102 1704 vi·

229 1795 233 1808 ·
292 1749 431 1819 debatur
446 1749 479 1814 id
493 1749 659 1828 dicere,
647 1742 763 1836 miquo
783 1750 905 1837 aliquid
920 1752 1101 1836 generatim

291 1871 528 1956 quaereretur,
545 1863 609 1930 hoc
622 1864 740 1929 mador
768 1864 1002 1949 Expetendane
1025 1864 1105 1932 esset

230 2032 234 2067 ;
293 1971 505 2069 eloquentia?
534 1977 751 2063 expetendine
773 1974 939 2044 honores?
976 1986 1104 2045 certum

293 2104 418 2171 autem,
432 2093 467 2163 in
485 2111 549 2179 quo
564 2092 668 2177 quid’
658 2113 693 2156 m
708 2092 1108 2179 personis,&1nconsti·

287 2221 372 2280 -tuta
386 2230 440 2288 re,
462 2205 505 2274 dt
520 2205 654 2273 definita
677 2218 898 2306 quaereretur:
930 2209 1108 2294 eujusmodi

217 2323 223 2366 1'
296 2325 388 2402 sunt,
411 2334 484 2407 quae
503 2321 537 2385 in
553 2321 646 2399 foro,
677 2324 831 2405 atquem
857 2323 980 2396 civium
1003 2323 1107 2390 caufia

208 2435 641 2556 &disceptationibusque
662 2436 839 2507 versantur.
882 2439 932 2503 Ea
955 2439 1036 2503 mihi
1060 2439 1110 2504 vi·

206 2638 209 2644 ‚
298 2556 418 2620 dentur
431 2551 540 2629 autin
554 2550 612 2618 nte
624 2549 817 2629 ordinanda
848 2562 906 2617 aut
921 2552 954 2616 in
975 2549 1110 2618 consiliu

247 2731 249 2737 .
298 2668 406 2732 dando
423 2662 486 2729 esse
501 2659 611 2747 polita.
654 2654 834 2731 Namillud
851 2664 995 2740 tertium,
1019 2664 1110 2748 quod

170 2805 186 2826 ³
299 2779 337 2846 dc
353 2799 373 2843 a
389 2775 496 2844 Crasso
518 2773 642 2842 tastum
667 2775 732 2856 est,
762 2776 815 2857 dc,
844 2784 885 2843 ut
908 2775 1025 2855 audio,
1054 2780 1111 2846 ille

203 2956 206 2964 ,
282 2941 284 2944 -
297 2891 366 2977 ipse
381 2890 594 2969 Aristoteles,
617 2891 676 2976 qui
689 2892 762 2956 haec
779 2882 1113 2978 maxineillustravit‚

265 3077 267 3080 ,
299 3005 464 3090 adjunxit,
483 3002 611 3069 vetiarnfi
623 3024 705 3090 opus
721 3004 785 3084 est,
812 3015 923 3072 tamen
938 3008 1047 3071 minus
1065 3007 1112 3072 est

214 3205 216 3209 .
280 3117 525 3186 necessarium.
592 3119 787 3196 Quidnam?
823 3120 930 3204 inquit
960 3121 1113 3198 Catulus,

287 3253 344 3299 >an
354 3231 584 3299 laudationes?
616 3233 650 3299 id
672 3234 761 3298 enim
784 3233 880 3300 video
903 3233 981 3318 poni
1008 3252 1112 3316 genus

237 3363 289 3432 11
302 3349 447 3413 tertium.
490 3346 563 3425 Ita,
593 3348 701 3432 inquit
724 3347 889 3414 Antonius
896 3393 914 3427 ,.
941 3346 1039 3412 &in
1071 3366 1113 3409 eo

258 3462 436 3567 ⁴4quidem
452 3479 570 3545 genere
588 3461 652 3525 scio
671 3460 708 3529 dr
729 3483 801 3540 me,
831 3460 866 3528 ἃ
893 3480 1024 3537 omnes,
1055 3457 1114 3543 qul

272 3624 277 3630 .
296 3573 488 3652 affuerunt,
511 3574 691 3640 detestatos
709 3573 771 3641 esse
787 3575 1013 3652 vehementer,
1037 3592 1115 3638 curn

300 3689 359 3758 aba
384 3697 420 3757 te
435 3687 482 3761 est
505 3688 648 3776 Popilia,
678 3698 785 3759 mater
807 3689 929 3770 uestra,
958 3690 1114 3757 laudatar
