2725 4350
227 562 231 595 s,
289 523 377 585 ιη
453 479 917 570 naruvuurrouu
991 445 1012 548 s

290 677 468 770 sumimur,
499 676 533 740 in
557 692 653 758 qoam
680 681 840 759 praecepta
865 669 1090 741 nobis'danda

289 791 371 856 sunt.
416 785 572 854 Omnibus
591 797 701 852 autern
721 790 862 872 partibus
880 785 941 853 hoc
955 790 988 851 in
1005 772 1089 853 libro

291 902 457 986 explicatis
466 948 479 978 ,
499 902 603 984 quivis
623 895 711 965 omni
726 901 761 965 in
778 902 892 976 causa,
912 899 935 964 fi
953 902 1089 984 diiigen-

290 1026 342 1082 ter
354 1017 506 1090 attendet,
529 1032 641 1079 ornnes
657 1014 777 1079 videbit
791 1013 1040 1091 constitutiones,
1054 1015 1090 1079 dc

291 1148 405 1195 aarum
419 1135 544 1211 partes,
567 1126 601 1192 dr
616 1123 855 1204 controversias,
879 1125 902 1189 si
919 1145 991 1211 quae
1005 1130 1090 1193 sorte

175 1262 177 1265 ’
272 1233 278 1251 ’
292 1243 327 1305 in
343 1261 396 1306 eas
411 1240 563 1332 incident.
608 1240 692 1304 Nam
705 1244 744 1305 de
760 1243 907 1305 omnibus
919 1240 1091 1334 perscribe·

292 1373 377 1419 mus.
403 1354 525 1417 Primus
543 1373 618 1435 ergo
631 1352 822 1440 accusatorie
839 1356 928 1418 locus
945 1352 1000 1430 est,
1018 1354 1092 1437 ejus

236 1481 249 1495 ·‘
293 1447 455 1541 nardinis,
477 1465 569 1569 cujus
590 1466 630 1529 de
651 1466 683 1528 vi
707 1468 882 1552 quaeritur,
904 1466 1029 1541 brevis,
1052 1464 1088 1530 δι

293 1591 421 1664 aperta,
448 1579 482 1644 ἂ
504 1600 544 1642 ex
565 1578 731 1641 hominurn
756 1580 906 1660 opinione
927 1578 1085 1653 definitio,

292 1693 487 1770 hoc,modot
511 1689 706 1773 Maiestatem
731 1693 898 1773 minuere,
921 1690 965 1755 est
983 1690 1087 1762 dedi·

160 1881 161 1890 *
292 1806 434 1888 gnitate,
456 1813 512 1867 aut
533 1806 761 1888 amplitudine,
784 1788 840 1869 aut
861 1804 1015 1888 potestate
1032 1804 1090 1886 po'-

187 1983 189 1994 ,
292 1918 373 2001 pusi,
395 1922 452 1980 aut
467 1935 589 1990 eorum,
612 1919 729 1999 quibus
747 1918 886 1999 populus
905 1915 1090 1998 potestatem

291 2017 398 2108 dedit,
422 2030 543 2112 aliquid
558 2033 722 2112 derogare.
754 2031 824 2095 Hoc
842 2028 863 2093 sr
882 2031 1021 2094 breviter
1034 2052 1091 2093 ex·

293 2141 457 2229 positum,
487 2143 632 2226 pluribus
660 2144 764 2236 verbis
784 2143 829 2208 est
855 2142 889 2211 dc
910 2143 1092 2221 rationibus

294 2256 569 2334 confirmandum,
592 2255 625 2320 dr
647 2257 692 2326 ita
713 2256 792 2335 effe,
816 2266 853 2323 ut
875 2255 1089 2339 descripseris,

294 2371 532 2435 ostendendum.
569 2368 679 2433 Postea
694 2373 732 2433 ad
746 2371 796 2446 id,
819 2375 903 2454 quod
917 2371 1090 2447 definieris,

292 2481 413 2546 fastum
427 2482 509 2564 ejus,
521 2483 574 2563 qui
588 2482 800 2560 accusabitur,
812 2484 982 2565 adjungere
992 2500 1095 2562 opor-r

268 2653 274 2660 .
292 2595 389 2671 tebit,
412 2593 447 2658 &
460 2615 499 2658 ex
516 2613 572 2668 eo,
597 2597 685 2675 quod
701 2571 871 2660 ostenderis
886 2593 965 2670 efi'e3
998 2591 1085 2656 verbi

265 2696 269 2701 ’
294 2707 400 2782 causa,
423 2699 615 2789 Maiestatem
635 2707 799 2784 minuere;
821 2709 951 2782 docere,
975 2707 1088 2768 adver·

293 2817 408 2881 sarium
427 2817 621 2900 majestatem
644 2818 807 2898 minuisse,
830 2817 962 2906 &hunc
978 2818 1087 2880 locum

293 2938 400 2996 totum
417 2932 578 2995 communi
595 2933 666 2995 soco
685 2931 893 3008 confirmare,
916 2951 971 3016 per
994 2952 1089 3013 qtrern

292 3041 388 3128 ipisus
401 3042 477 3107 neu
487 3044 649 3119 atrocitas,
660 3055 718 3107 aut
727 3045 908 3126 indignitas,
920 3053 975 3108 aut
984 3046 1088 3107 omni·

290 3156 448 3238 noculpa
467 3177 540 3219 cum
557 3158 781 3246 indignatione
801 3166 965 3240 augeatur.
1018 3158 1089 3222 Post

250 3270 356 3361 542rit
370 3268 559 3332 infirmanda
571 3247 821 3334 adversariorum
836 3273 1010 3353 descriptio.
1040 3272 1087 3332 Ea

292 3391 400 3446 autem
418 3380 648 3450 infirmabitur.
672 3381 696 3444 fi
718 3383 799 3451 fassa
811 3383 1085 3464 demonstrabitur.

229 3542 232 3556 .
293 3494 366 3556 Hoc
388 3516 428 3558 ex
451 3494 600 3575 opinione
627 3495 792 3557 homiuum
812 3477 970 3572 sumetur,
995 3517 1085 3570 curo,

188 3669 196 3687 ,
292 3607 577 3690 quemadmodum,
600 3605 633 3673 dc
650 3607 763 3698 quibus
780 3609 813 3673 in
832 3600 926 3676 rebus
940 3611 1088 3674 homines
