2725 4350
362 518 408 606 30
522 509 986 583 nnruvnurroun

361 690 714 773 strollgnmemnonem,
725 690 885 754 convenit.
910 690 994 755 Nam
1006 689 1059 756 hic
1068 700 1155 758 uter·

361 824 425 889 quo
437 804 471 870 dr
483 805 516 867 id
531 803 643 884 poluit,
661 805 747 884 quod
755 803 975 879 conveniebat,
997 801 1031 867 dr
1045 816 1154 871 tamen

360 917 425 980 suae
436 917 537 979 caulae
552 917 720 978 commodo
733 914 903 979 consuluit.
925 915 1060 992 Deinde,
1077 920 1154 1000 quid

361 1027 582 1092 controverliae
600 1025 654 1102 fit,
676 1029 857 1109 ponendum
875 1026 921 1091 est
937 1028 970 1092 in
986 1027 1153 1109 judicatio·

334 1144 338 1154 '
353 1138 637 1224 nisexpofitione:
659 1159 733 1222 quae
747 1142 1014 1221 quemadmodum
1027 1141 1153 1207 inveni·

314 1275 348 1335 32
359 1261 469 1335 retur,
491 1261 566 1317 onte
579 1251 698 1316 ditium
711 1252 768 1317 est.
803 1252 888 1327 Quae
904 1262 1011 1317 nutem
1021 1254 1150 1336 partitio

305 1391 321 1404 ··
357 1365 669 1430 retunditiributtm
682 1364 1149 1450 continetexpolitionem,haeo

309 1527 313 1532 .
355 1477 473 1542 habere
484 1480 578 1542 debet
587 1478 788 1555 brevitatem,
809 1480 1049 1555 absolutionem,
1071 1498 1149 1564 pou-

357 1592 498 1654 citatem.
522 1590 665 1656 Brevitas
680 1591 737 1656 est.
751 1611 837 1668 cum,
859 1590 915 1655 nili
928 1590 1146 1668 nereffarium,

349 1702 481 1770 nullum
500 1698 666 1770 nliumitur
679 1704 826 1768 verbnm.
872 1704 953 1768 Haeo
970 1704 1004 1766 in
1019 1705 1082 1768 hoo
1094 1725 1147 1788 ge·

350 1834 432 1880 nere
446 1816 564 1881 idcirco
581 1817 669 1882 utilio
685 1816 752 1891 est,
782 1818 866 1898 quod
885 1817 979 1881 rebus
995 1814 1069 1899 ipsis
1080 1864 1099 1916 ,ί
1113 1813 1148 1884 dc'

352 1928 499 2010 partibus
513 1930 631 2005 oansae,
652 1947 718 1990 non
732 1927 846 2001 verbis,
867 1945 972 2007 noque
987 1930 1149 1995 extraneis

217 2107 223 2121 ,
351 2031 551 2108 ornamentis
577 2042 705 2106 unimus
730 2036 886 2114 auditoris
913 2037 1071 2101 tenendus
1090 2042 1149 2108 est.

352 2155 522 2227 Absolutio
541 2151 604 2229 est,
625 2171 682 2235 per
704 2167 799 2234 quum
823 2148 949 2226 omnia,
964 2167 1042 2232 ,quae
1065 2150 1149 2221 inci·

352 2272 433 2333 dunt
447 2270 480 2333 in
495 2267 629 2342 causam,
653 2284 780 2349 genera,
792 2266 832 2328 de
845 2263 959 2347 qussrus
972 2262 1147 2333 dicendum

350 2380 414 2456 eli,
435 2382 667 2464 omplettirnur.
704 2380 739 2443 io
761 2398 825 2462 quo
843 2378 1014 2462 partitione
1033 2379 1144 2443 viden-

350 2494 428 2553 dum
439 2492 495 2567 est,
517 2514 557 2556 ne
567 2501 623 2555 aut
635 2466 763 2573 aliquod
777 2511 877 2572 genus
892 2491 971 2554 utile
982 2490 1140 2572 relinquo·

349 2608 421 2676 tur,
442 2609 500 2667 tut
511 2600 579 2665 lero
595 2610 686 2663 extro
700 2601 922 2682 partitionem,
945 2602 978 2665 id
993 2602 1076 2685 quod
1091 2601 1139 2665 vi·

348 2708 544 2775 tiolisfimurn
575 2730 612 2775 ac
634 2708 845 2791 turpislimum
873 2713 916 2777 est
929 2759 939 2790 ,
976 2715 1139 2802 inlerotur.

349 2821 497 2902 Paucitor
506 2823 538 2885 in
552 2824 722 2906 partitione
736 2825 890 2902 servatur,
913 2824 1066 2910 ligonem
1077 2826 1140 2909 ipso

348 2953 457 2999 rerum
466 2946 644 3018 ponuntur,
665 2958 772 3022 neque
784 2939 940 3022 permixte
954 2959 1026 3003 cum
1041 2939 1148 3022 porti·-¹

346 3048 408 3112 bus
422 3048 635 3130 implicantur.
682 3052 765 3117 Nam
779 3073 879 3134 genus
892 3051 948 3128 eli,
970 3055 1056 3134 quod
1069 3053 1139 3135 plu·

347 3177 398 3223 res
415 3173 520 3242 parter
536 3162 755 3245 ompletiitur,
779 3176 816 3227 ut
828 3163 957 3229 animal.
994 3164 1137 3241 Poroest,

346 3291 419 3356 quae
437 3272 534 3338 subest
549 3278 677 3356 generi,
700 3290 739 3341 ut
754 3297 866 3359 equus.
910 3275 971 3339 Sed
987 3275 1070 3359 saepe
1084 3295 1137 3340 en·

346 3387 419 3451 dem
429 3405 479 3449 res
492 3387 546 3450 olii
560 3409 672 3469 genus,
695 3391 750 3454 alii
763 3410 835 3471 pars
849 3388 905 3454 eli.
936 3387 1017 3451 Nam
1029 3389 1137 3464 homo,

340 3497 488 3561 animulis
497 3501 800 3580 parsuli3Thebani
809 3495 1015 3577 autTrojonl,
1024 3521 1136 3584 genus.

278 3610 330 3694 23
343 3605 425 3674 Haeo
442 3609 515 3675 ideo
536 3589 720 3696 diligentius
741 3615 904 3679 inducitur
926 3613 1141 3701 praesoriptio,

192 3692 210 3807 l
