2725 4350
420 501 684 595 “LIBER
725 449 785 571 ΙΙ.ι
846 561 876 612 ἰ,
955 453 1022 594 ε4ἰ

219 673 338 749 Graece
349 686 470 764 negant
483 679 588 745 scire?
619 689 701 765 quot
714 653 894 743 'historicos
916 678 1024 771 nomi-

219 795 339 863 navit?
378 814 473 879 quam
500 793 661 859 scienter?
695 813 797 879 quam
827 791 955 875 ptbprie
982 792 1024 857 de

216 930 420 993 unoquoque
433 907 539 973 dixit-2
561 910 601 976 Id
616 908 827 1010 mehercule,¹
844 906 951 989 inquit
963 904 1027 971 Ca·

218 1026 334 1103 tulus,
365 1022 546 1099 admirans,
574 1022 664 1087 illud
681 1020 747 1104 jam
770 1020 880 1091 mirari
898 1014 1027 1099 definn,

220 1139 312 1220 quod
326 1136 430 1201 multo
449 1135 552 1219 magis
567 1143 642 1199 ante
655 1136 814 1211 mirabar,
835 1134 934 1213 bunc,
950 1142 1053 1200 cums

219 1250 295 1343 ilaec
308 1250 462 1329 nesciret,
481 1250 667 1316 indicendo
686 1246 770 1333 pulle
787 1247 929 1311 tantum.
962 1246 1028 1311 At·

219 1364 300 1448 qui,
322 1361 453 1441 Catule,
475 1363 582 1449 inquit
596 1362 776 1438 Antonius,
798 1381 864 1426 non
879 1381 939 1444 ego
959 1362 1027 1432 uti-

219 1478 348 1546 litatem
364 1477 504 1561 aliquam
520 1480 561 1542 ad
579 1477 750 1543 dicendum
765 1475 1027 1580 aucupanqin·
1075 1536 1077 1548 ,

219 1610 298 1655 aum
313 1592 433 1668 libros,
453 1590 488 1655 dt
507 1592 679 1655 nonnullos
694 1591 795 1668 alios,
819 1590 871 1653 sed
884 1587 1028 1665 delestaq
1074 1614 1078 1621 ¹

222 1705 323 1767 tionis
341 1704 455 1779 causa,
490 1723 565 1767 cum
589 1702 633 1768 eit
651 1704 780 1781 otium,
801 1704 909 1786 legere
926 1703 1031 1776 saleni
1070 1701 1079 1770 ἶ
1146 1752 1160 1760 „

223 1818 313 1893 Quid
326 1836 403 1898 ergo
420 1815 490 1880 est?
510 1818 657 1881 fatebor:
679 1816 801 1899 aliquid
820 1823 953 1883 tamena
970 1829 1088 1955 ιιτώσί

1084 1956 1095 2034 l

224 1933 349 1996 cumin
368 1930 431 1993 sole
445 1930 623 2007 ambulem,
645 1928 769 1994 etiamsi
783 1929 879 1994 allam
888 1933 929 1996 ob
948 1952 1028 2000 cau-

221 2044 290 2109 lam
307 2042 486 2116 ambulem,
509 2040 581 2106 fieri
601 2051 718 2107 natura
734 2052 863 2121 tamen,
884 2051 923 2108 ut
938 2047 1028 2111 colo·
1090 2037 1098 2136 ζ

223 2179 293 2230 rer3
323 2154 384 2231 fic,
415 2177 489 2220 cuni
502 2153 577 2221 istos
592 2156 692 2222 libros
708 2158 748 2222 ad
763 2156 918 2223 Misenum
932 2159 1026 2240 (nam
1060 2192 1064 2200 ·
1087 2160 1097 2255 l

223 2271 337 2337 Romae
355 2269 409 2334 vix
431 2270 526 2352 met)
552 2271 709 2335 studiosus
736 2272 888 2353 legerim,
926 2274 1027 2340 senno
1078 2258 1092 2312 ¹
1182 2315 1184 2319 -

225 2362 407 2449 mationem
431 2403 537 2447 meam
556 2385 688 2448 illorum
708 2383 802 2449 tastu
827 2384 913 2468 quafi
939 2374 1027 2453 colo·¹

224 2503 303 2564 rari.
348 2498 411 2562 Sed
434 2519 475 2562 ne
498 2499 595 2562 latius
611 2499 673 2561 hoc
689 2500 779 2564 vobis
792 2511 904 2582 patere
917 2502 1027 2567 videa-

224 2621 300 2689 tur,
322 2614 392 2677 haec
408 2612 565 2676 duntaxat
581 2613 615 2676 in
633 2611 758 2676 Graecis
768 2613 929 2697 intelligo,
953 2635 1027 2701 quae

223 2727 300 2810 ipsi,
324 2729 380 2810 qui
398 2727 603 2808 scripserunt,
626 2727 796 2791 voluerunt
823 2747 843 2790 a
865 2730 964 2812 vulgo
977 2731 1030 2796 in-

224 2842 346 2921 telligi:
378 2842 410 2901 in
428 2841 631 2922 philosophos
649 2841 771 2904 vestros
797 2840 961 2924 liquando
976 2846 1077 2910 in·(·b

226 2955 310 3028 cidi,
334 2957 485 3036 deceptus
498 2955 655 3018 indicibus
673 2956 840 3030 librorum,
863 2959 1035 3040 quodsunt

224 3071 295 3140 fere
309 3067 450 3146 inscripti
464 3071 504 3130 de
520 3070 618 3132 rebus
633 3069 719 3132 notis
729 3067 768 3133 ἃ
782 3066 967 3150 illustribus,
989 3074 1031 3137 de

225 3184 370 3258 virtute,
401 3181 442 3245 de
463 3180 601 3262 justitia,
632 3184 672 3246 de
693 3159 878 3262 honestate,
908 3187 949 3248 de
972 3207 1031 3251 vo-

225 3295 370 3379 luptate,
403 3295 536 3358 verbum
556 3295 684 3377 prorsus
713 3297 839 3387 nullum
867 3297 1031 3382 intelligat

226 3412 275 3474 ita
293 3411 364 3473 sunt
386 3406 526 3491 angustis
552 3406 586 3472 δι
611 3406 744 3474 concifis
762 3410 1032 3495 disputationibus

228 3522 362 3605 illigati!
388 3502 666 3601 Pnitasomninn,
698 3518 787 3607 quali
809 3525 872 3588 alia
893 3527 1032 3610 quadam
1126 3603 1134 3612 ,

226 3636 340 3721 lingua
351 3637 499 3718 locutos,
527 3657 595 3730 non
611 3657 711 3707 conor
733 3639 904 3725 attingere.
949 3625 1063 3718 cumi.
1124 3664 1127 3672 ·
