2725 4350
298 518 343 590 p
470 449 941 576 buorororr

178 697 186 720 1
299 673 534 750 architethtm,
555 675 611 759 qui
626 669 880 774 Atheniensibusx
893 682 1106 743 armamenta·

299 788 386 857 rium
397 790 496 867 iecit,
518 790 659 871 constat,
682 791 855 871 perdiserte
874 792 994 873 populo
1009 793 1106 858 ratio-

274 924 276 929 ·
300 923 377 972 nem
385 904 491 989 operis
506 901 553 968 sui
570 902 754 981 reddidiffe,
777 903 1025 970 existimandum
1044 899 1105 985 eii,

301 1013 469 1086 architetti
481 1015 590 1100 potius
607 1014 745 1080 artificio
753 1015 916 1095 disertum,
924 1031 1105 1102 quampra-

300 1131 402 1208 toris,
423 1126 527 1198 fuisse.
573 1127 661 1207 Nec,
683 1121 798 1196 fihuic
820 1129 1027 1196 M.'Antonio
1045 1150 1101 1218 pro
1122 1203 1125 1216 ,

183 1226 187 1234 ’
273 1244 508 1314 «Hermodoro
524 1235 631 1309 fuisset
647 1246 687 1309 de
699 1246 864 1310 navalium
884 1259 984 1330 opere
999 1241 1108 1313 dicen·

217 1351 220 1356 ’
302 1360 401 1435 dum,
430 1372 515 1435 uon,
539 1374 617 1422 cum
639 1360 679 1423 ab
700 1358 758 1422 iilo
777 1359 905 1422 causam
933 1353 1108 1438 didicisset,

277 1469 368 1559 'ipse
408 1479 530 1548 ‚ornate
562 1471 602 1535 de
641 1467 745 1535 alieno
785 1467 938 1544 artifieio.
963 1471 1109 1558 copiose·

304 1605 368 1672 que
393 1582 555 1649 dixiffett.
581 1582 697 1667 Neque
731 1604 808 1649 vero
830 1580 1036 1670 Asclepiades
1058 1591 1110 1668 is,

304 1716 372 1784 quo
387 1715 446 1761 nos
460 1694 585 1762 medico
599 1698 778 1781 ‘amicoque
796 1697 844 1764 ufi
867 1693 996 1778 sumus,
1017 1709 1108 1776 tum,

305 1831 381 1878 cum
401 1809 587 1895 eloquentia
611 1811 759 1877 vincebat
787 1821 916 1878 ceteros
944 1812 1111 1893 medicos,

304 1924 339 1993 in
354 1947 394 1991 eo
408 1921 495 2008 ipso,
524 1925 611 2007 quod
630 1905 748 1989 ornate
765 1925 910 2012 dicebat,
939 1918 1112 1992 medicina

263 2039 461 2125 ogiaeultate
474 2034 643 2113 utebatur,
665 2058 732 2103 non
756 2035 966 2123 eloquentiae.
985 2045 1113 2126 Atque

306 2155 387 2222 illud
402 2147 447 2218 est
467 2149 681 2237 probabilius,
716 2171 821 2239 neque
842 2163 951 2221 tamen
978 2174 1114 2236 verum,

307 2266 394 2357 quod
411 2262 559 2331 Socrates
584 2266 691 2331 dicere
713 2267 849 2346 solebat,
873 2286 986 2336 omnes
1004 2271 1038 2335 in
1056 2295 1113 2348 eo,

308 2382 395 2470 quod
410 2380 540 2458 seirent,
563 2375 636 2445 satis
651 2376 714 2448 esse
734 2379 942 2465 eloquentes:
965 2381 1116 2451 illudve«

309 2499 395 2574 rius,
410 2554 412 2558 .
425 2513 530 2577 neque
552 2514 746 2578 quemquam
766 2493 801 2558 in
818 2518 857 2560 eo
882 2498 1034 2564 disertum
1051 2492 1116 2563 effe

309 2609 414 2696 poiie,
448 2611 535 2692 quod
559 2609 697 2686 nesciat,
728 2615 851 2691 noque,
882 2604 961 2676 fiid
988 2614 1114 2697 optime

310 2725 407 2798 sciat,
437 2720 632 2804 ignarusque
653 2721 691 2783 fit
710 2713 869 2786 feciundae‘
892 2744 930 2788 ac
950 2722 1113 2809 poliendae

310 2832 487 2910 orationis,
518 2834 631 2898 diserte
655 2834 688 2898 id
706 2837 812 2918 ipsum
835 2836 943 2919 poffe,
983 2841 1024 2903 de
1047 2856 1114 2924 quo

249 2946 410 3054 15iciat,
426 2946 551 3019 dicere.
592 2943 708 3024 'Quam
729 2952 771 3012 ob
793 2971 880 3026 rem,
910 2948 1024 3036 iiquis
1039 2952 1116 3049 uni.

269 3058 304 3123 ⁶4
314 3062 435 3130 versam
457 3061 492 3125 δι
521 3063 684 3146 propriam
704 3065 841 3127 oratoris
863 3064 929 3128 vim
959 3063 1114 3148 definire,

314 3173 548 3261 complestique
567 3174 653 3252 vuit,
684 3174 712 3240 is
728 3186 837 3242 orator
853 3177 935 3254 erit,
956 3197 1030 3247 mea
1045 3182 1115 3245 sen·

196 3318 205 3325 ··
314 3292 444 3367 tentio,v
464 3289 526 3353 hoc
547 3298 613 3354 tam
627 3291 716 3375 gravi
735 3293 848 3373 dignus
863 3292 1014 3372 nomine,
1038 3292 1114 3379 qui,

315 3420 516 3494 quaecunque
539 3424 592 3470 res
615 3404 783 3481 inciderit,
816 3422 888 3488 quae
915 3399 955 3471 fit
973 3398 1116 3474 ‘ditiione

316 3516 519 3603 explicanda,
541 3520 735 3602 prudenter,
756 3517 793 3587 ἃ
807 3519 990 3606 composite,
1014 3523 1049 3590 δι
1065 3539 1117 3588 or·
