2725 4350
319 534 364 606 54
463 481 1039 612 'uuo-nAronunj
1148 505 1151 510 ’

274 717 278 726 ·
321 696 461 779 batquer
485 690 519 757 dr
536 693 575 755 ad
593 709 693 775 quam
700 707 861 775 quemque
877 695 1126 777 artemputabat

274 846 278 858 ·
323 807 385 872 effe
402 814 534 890 aptum,
566 806 607 867 ad
621 823 693 868 eam
709 783 876 889 impediere
888 812 987 898 etque
1002 806 1128 872 hortari

258 944 308 1000 127
321 918 454 986 iniebat.
498 915 582 981 Satis
598 916 644 981 eit
660 917 746 982 enim
762 919 878 982 ceteris
893 917 1126 1004 artifiriieper·

324 1017 491 1119 cipiendis,
509 1029 733 1122 tantummodo
745 1027 878 1096 similem
890 1023 953 1095 esse
964 1033 1125 1113 hominia

323 1147 358 1212 dr
371 1146 425 1224 id,
447 1143 704 1228 quodtradutur,
732 1141 784 1209 vel
800 1145 899 1208 etiam
922 1145 1124 1224 inculcetur,

322 1258 346 1323 fi
361 1261 434 1342 quis
448 1260 532 1324 forte
544 1255 583 1321 fit
595 1257 735 1335 tardior,
765 1255 852 1340 posse·
872 1258 1037 1341 percipere
1052 1260 1125 1323 ani·

322 1377 399 1448 mo‚'
427 1371 462 1437 &
485 1370 641 1436 memoria
660 1368 826 1434 custodire.
873 1369 947 1434 Non
967 1372 1133 1453 quaeritur

223 1509 226 1515 ·
321 1487 485 1552 mobilitas
503 1485 641 1567 linguae,
679 1499 744 1546 non
759 1483 906 1548 celeritas
930 1469 1123 1563 verborum,

321 1620 386 1673 nen
403 1599 612 1683 deniquae,
634 1617 707 1681 quae
716 1597 808 1660 nobis
818 1617 882 1660 non
890 1596 1053 1679 possumus
1062 1597 1124 1663 fin·

256 1731 305 1785 128
322 1732 415 1794 gere,
438 1712 555 1786 facies,
578 1710 703 1784 vuitus,
727 1709 832 1774 sonus.
862 1712 901 1775 In
917 1722 1047 1777 oratore
1063 1731 1123 1778 au·

319 1834 387 1888 tem
400 1843 536 1888 acumen
552 1821 813 1898 deterrumum,
836 1824 1002 1889 sententiae
1018 1826 1124 1910 pbilo-

320 1938 511 2019 sophorum,
536 1939 632 2002 verba
645 1941 944 2020 propepoiitnrum‚
965 1939 1122 2004 memoria

250 2132 252 2136 ,
318 2052 629 2132 jurisconsultorum,
659 2071 720 2113 vcx
740 2052 979 2131 tragoedorum,
1018 2052 1122 2134 gestus

320 2186 412 2249 paene
437 2166 629 2229 summorum
657 2161 805 2228 odiorum
832 2162 877 2228 est
898 2166 1122 2247 requirendus.

320 2279 540 2355 Quamobrem
555 2279 634 2342 nihil
648 2278 682 2339 in
702 2277 867 2340 hominum
885 2298 1002 2360 genere
1018 2281 1124 2343 rarius

317 2391 460 2476 perfebto
475 2402 603 2456 oratore
618 2391 756 2454 inveniri
771 2391 884 2473 potest.
931 2391 1014 2466 Quae
1032 2393 1121 2456 enim

317 2496 511 2586 singularum
532 2525 640 2569 rerum
654 2502 794 2566 artifices
813 2502 932 2587 fingula
954 2502 976 2566 fi
997 2506 1124 2568 medio·

229 2611 231 2615 ’
317 2619 413 2693 priter
429 2618 535 2699 adepti
550 2618 629 2691 sunt,
653 2618 840 2699 probantur,
864 2636 917 2692 ea,
936 2614 991 2678 niti
1007 2618 1119 2682 omnia

315 2729 437 2821 summa
454 2730 573 2792 suntin
591 2737 729 2801 oratore,
753 2730 880 2810 probari
899 2751 962 2794 non
977 2729 1119 2814 possunt.

200 2916 203 2920 Δ
248 2856 299 2911 129
382 2840 469 2904 Tum
483 2840 623 2918 Crassus,
646 2841 750 2923 Atqui
765 2843 853 2918 vide,
876 2843 999 2935 inquit,
1021 2843 1119 2908 inar-

292 2952 422 3018 ‘tificio
443 2973 597 3038 perquam
613 2955 706 3018 tenui
732 2953 765 3018 dr
784 2956 868 3031 levi,
900 2966 1019 3038 quanto
1045 2958 1119 3041 pius

160 3098 167 3119 ι
285 3128 287 3135 ,
312 3069 501 3134 adhibeatur
516 3068 703 3150 diligentiae,
726 3087 821 3150 quarn
835 3067 869 3129 in
883 3069 942 3131 hac
952 3089 1006 3146 rey
1019 3090 1117 3153 quam

313 3181 435 3246 constat
449 3181 512 3246 eise
523 3183 708 3247 maximam.
755 3178 848 3263 Saepe
864 3174 949 3244 enim
962 3183 1047 3248 soleo
1057 3204 1117 3248 au-

208 3302 211 3311 '
311 3295 380 3361 dire
401 3295 568 3370 Roscium,
599 3315 674 3358 cum
698 3294 743 3360 ita
760 3295 865 3370 dicat,
889 3295 919 3359 se
938 3297 1042 3360 adhuc
1063 3318 1116 3360 re-

206 3469 212 3487 x
308 3409 414 3490 perire
430 3409 635 3490 discipulum,
669 3426 765 3490 quern
789 3408 919 3490 quidem
943 3410 1113 3491 probaret,

305 3521 442 3600 potuifl'e
457 3521 635 3606 neminemr
667 3540 733 3584 non
755 3541 817 3605 quo
843 3541 908 3583 non
923 3522 1024 3586 eiient
1040 3526 1114 3606 qui-

307 3629 380 3697 dam
395 3632 592 3718 probabiles,
623 3633 675 3701 sed
700 3635 795 3719 quia,
825 3631 848 3696 ss
877 3635 997 3718 aliquid
1016 3639 1122 3719 modo·
