2725 4350
333 522 399 609 ³⁶-
499 512 965 624 ncnnnnonr

294 698 326 763 81
337 701 549 778 naturamque
576 692 860 777 comprehenderit
916 689 980 758 Sed
996 693 1149 777 primum

312 819 317 827 '
336 811 372 877 id
382 808 517 876 difficile
533 807 576 872 est
592 804 700 882 fastu,
725 805 898 888 pracsertim
911 808 1141 895 iahac'nostra

215 917 217 921 ’
339 926 418 1000 vita,
440 921 616 1002 nostrisque
627 920 912 1002 occupationibus:
938 921 1140 985 deindcillud

252 1025 255 1032 ⁴
340 1041 439 1105 etiam
457 1035 631 1101 verendum
646 1032 709 1108 est,
732 1051 773 1096 ne
794 1020 1009 1098 abstrahamur
1022 1035 1062 1099 ab
1078 1035 1143 1097 hac

338 1150 588 1224 exercitatione,
612 1144 646 1209 δι
662 1146 892 1211 consuetudine
902 1146 1029 1210 dicendi
1038 1166 1142 1230 popu-

337 1264 398 1328 lari
421 1261 455 1325 δι
475 1257 603 1348 forenfi.
623 1304 625 1308 ,
647 1259 749 1323 Aliud
769 1259 855 1322 enim
878 1259 958 1323 mihi
977 1261 1141 1342 quoddam

245 1449 249 1456 ,
338 1394 439 1460 genus
459 1372 612 1438 orationis
628 1370 691 1435 effe
704 1372 831 1457 videtur
842 1372 1141 1450 eorumhominurn,

311 1521 313 1526 ·
339 1490 380 1553 de
402 1488 517 1572 quibus
537 1485 643 1567 paulic
667 1490 741 1547 ante
766 1484 888 1562 dixisti,
920 1485 1068 1574 quamvis
1094 1486 1165 1554 illi.

203 1607 224 1686 f
339 1597 499 1665 ornate&
515 1598 666 1679 graviter,
691 1608 748 1661 aut
760 1596 800 1661 de
815 1605 930 1661 natura
944 1616 1066 1675 rerum,
1084 1606 1142 1663 aut

225 1750 227 1752 -
339 1716 379 1777 de
394 1710 545 1774 humanis
557 1712 652 1774 rebus
668 1711 856 1792 loquantur.
878 1687 1027 1775 Nitidum
1038 1713 1140 1797 qnod·

332 1828 412 1891 ..dam
421 1843 520 1906 genus
536 1823 580 1887 est
589 1826 758 1889 verborum
775 1822 808 1888 ἂ
825 1825 949 1901 laetum,
972 1824 1025 1889 sed
1040 1825 1140 1910 palae·

337 1938 410 2003 strae
426 1938 528 2020 magis
543 1936 577 2001 dc
592 1938 666 2013 clei,
689 1956 785 2021 quam
799 1937 897 2019 hujus
914 1937 1028 2002 civilie
1035 1939 1139 2005 turbae

294 2068 377 2125 saec
391 2041 464 2115 fori.
512 2053 658 2134 Namque
674 2058 812 2133 egomet,
835 2051 891 2133 qui
913 2050 983 2115 sero
1007 2070 1045 2114 ac
1059 2051 1141 2116 levi-

337 2177 391 2231 ter
410 2166 541 2241 Graecas
560 2165 684 2229 litteras
708 2156 899 2246 attigissem,
929 2171 1038 2230 tamen
1063 2184 1142 2228 cum

201 2257 210 2271 Ρ
261 2313 265 2318 -
336 2239 524 2366 proconstffe
541 2281 575 2342 in
597 2278 741 2343 Ciliciam
764 2277 969 2361 proficiscens
994 2278 1140 2343 Athenas

302 2416 306 2428 ·
337 2392 506 2467 venifl'em,
539 2393 718 2474 complures
735 2401 805 2454 tum
820 2393 865 2456 ibi
890 2393 957 2456 dies
977 2393 1044 2455 sum
1063 2411 1142 2475 pro·

337 2517 411 2590 pter
421 2503 819 2585 navigandidifficultatem
827 2512 1059 2566 commoratus:
1075 2504 1142 2580 sed,

260 2622 262 2626 ’
339 2612 1143 2696 cumquotidiemecumhaberemhominesdottis-

184 2736 196 2743 '
295 2735 298 2741 “
337 2729 450 2804 fimes,
474 2749 530 2790 eos
550 2729 616 2791 fere
632 2727 734 2808 ipsos,
758 2728 812 2808 qui
831 2729 886 2790 abs
905 2727 1049 2792 ternodo
1069 2728 1152 2808 sunt,

337 2841 515 2914 nominati,
549 2857 687 2923 cumque
712 2839 792 2912 hoc,
822 2840 929 2904 nescio
956 2843 1140 2922 quomodo,

322 2957 426 3033 'apud
441 2934 497 3019 ecs
514 2951 733 3026 increbuisset,
764 2974 816 3017 me
835 2952 869 3016 in
894 2953 994 3017 caufis
1009 2954 1145 3037 majori·-

338 3070 412 3145 bus,
434 3066 526 3131 ficuti
538 3075 582 3145 te,
605 3066 705 3131 solere
719 3067 846 3142 versari,
869 3087 925 3150 pro
943 3068 973 3131 se
989 3067 1138 3152 quisque,

337 3170 379 3246 'ut
393 3190 538 3264 poterat,
561 3182 601 3257 de
617 3177 723 3244 officio
739 3179 773 3244 &
787 3181 914 3245 ratione
928 3182 1065 3244 oratoris
1080 3181 1140 3244 dis-

236 3366 243 3377 ,
268 3298 272 3307 '
297 3313 330 3381 33
340 3299 484 3377 putabat.
504 3335 508 3344 ·
532 3295 657 3358 Horum
675 3294 750 3368 alii,
781 3291 862 3359 ficut
885 3291 941 3357 iste
968 3293 1032 3376 Ipse
1049 3293 1142 3374 Mne·

182 3426 185 3435 ¹
250 3440 262 3453 -
339 3407 485 3485 sarchan,
507 3409 585 3484 hos,
609 3426 690 3489 quos
706 3384 765 3469 noc
782 3417 925 3470 oratores
942 3387 1141 3485 necaremus,

180 3526 190 3545 ’
281 3572 288 3585 χ
339 3519 421 3582 nihii
443 3520 505 3586 effe
534 3522 679 3594 dicebat,
709 3517 765 3582 nist
784 3518 936 3601 quosdam
958 3519 1141 3601 operarios,

314 3690 318 3696 .
339 3629 450 3714 Exigua
462 3634 559 3698 celeri
575 3630 608 3696 dt
624 3633 795 3697 exercitata
805 3653 816 3710 3
840 3639 1000 3696 oratorem
1019 3641 1142 3712 eutem,
