<?xml version="1.0" encoding="UTF-8"?>
<!DOCTYPE html PUBLIC "-//W3C//DTD XHTML 1.0 Transitional//EN"
    "http://www.w3.org/TR/xhtml1/DTD/xhtml1-transitional.dtd">
<html xmlns="http://www.w3.org/1999/xhtml" xml:lang="en" lang="en">
 <head>
  <title>
</title>
<meta http-equiv="Content-Type" content="text/html;charset=utf-8" />
  <meta name='ocr-system' content='tesseract 3.04.00' />
  <meta name='ocr-capabilities' content='ocr_page ocr_carea ocr_par ocr_line ocrx_word'/>
</head>
<body>
  <div class='ocr_page' id='page_1' title='image "./mtvlliiciceroni08cicegoog/mtvlliiciceroni08cicegoog_0564.png"; bbox 0 0 2725 4350; ppageno 0'>
   <div class='ocr_carea' id='block_1_1' title="bbox 359 461 990 583">
    <p class='ocr_par' dir='ltr' id='par_1_1' title="bbox 359 461 990 583">
     <span class='ocr_line' id='line_1_1' title="bbox 359 461 990 583; baseline 0 -20"><span class='ocrx_word' id='word_1_1' title='bbox 359 496 486 583; x_wconf 67' lang='lat' dir='ltr'><strong>aar</strong></span> <span class='ocrx_word' id='word_1_2' title='bbox 520 494 603 564; x_wconf 86' lang='lat' dir='ltr'><strong>nu</strong></span> <span class='ocrx_word' id='word_1_3' title='bbox 646 461 990 563; x_wconf 79' lang='lat' dir='ltr'><strong>onnuonu</strong></span> 
     </span>
    </p>
   </div>
   <div class='ocr_carea' id='block_1_2' title="bbox 183 667 1166 3690">
    <p class='ocr_par' dir='ltr' id='par_1_2' title="bbox 362 667 1165 866">
     <span class='ocr_line' id='line_1_2' title="bbox 362 667 1165 753; baseline 0.004 -16"><span class='ocrx_word' id='word_1_4' title='bbox 362 670 425 737; x_wconf 83' lang='lat' dir='ltr'><strong>fint</strong></span> <span class='ocrx_word' id='word_1_5' title='bbox 441 670 524 747; x_wconf 80' lang='lat' dir='ltr'><strong>alia,</strong></span> <span class='ocrx_word' id='word_1_6' title='bbox 545 670 700 753; x_wconf 83' lang='lat' dir='ltr'><strong>judicent,</strong></span> <span class='ocrx_word' id='word_1_7' title='bbox 721 667 1015 753; x_wconf 67' lang='lat' dir='ltr'><strong>resteneadjunstu</strong></span> <span class='ocrx_word' id='word_1_8' title='bbox 1027 668 1106 752; x_wconf 75' lang='lat' dir='ltr'><strong>fini,</strong></span> <span class='ocrx_word' id='word_1_9' title='bbox 1124 669 1165 744; x_wconf 73' lang='grc' dir='ltr'><strong>δε</strong></span> 
     </span>
     <span class='ocr_line' id='line_1_3' title="bbox 363 782 1161 866; baseline 0 -15"><span class='ocrx_word' id='word_1_10' title='bbox 363 802 483 852; x_wconf 80' lang='lat' dir='ltr'><strong>verane</strong></span> <span class='ocrx_word' id='word_1_11' title='bbox 495 784 616 848; x_wconf 84' lang='lat' dir='ltr'><strong>summa</strong></span> <span class='ocrx_word' id='word_1_12' title='bbox 635 782 673 847; x_wconf 84' lang='lat' dir='ltr'><strong>fit</strong></span> <span class='ocrx_word' id='word_1_13' title='bbox 692 782 937 866; x_wconf 78' lang='lat' dir='ltr'><strong>uniuscnjusque</strong></span> <span class='ocrx_word' id='word_1_14' title='bbox 952 784 1107 848; x_wconf 74' lang='lat' dir='ltr'><strong>rationis·</strong></span> <span class='ocrx_word' id='word_1_15' title='bbox 1126 783 1161 851; x_wconf 69' lang='grc' dir='ltr'>ἃ</span> 
     </span>
    </p>

    <p class='ocr_par' dir='ltr' id='par_1_3' title="bbox 363 894 1163 1092">
     <span class='ocr_line' id='line_1_4' title="bbox 363 894 1162 980; baseline -0.001 -17"><span class='ocrx_word' id='word_1_16' title='bbox 363 896 406 963; x_wconf 79' lang='lat' dir='ltr'><strong>ad</strong></span> <span class='ocrx_word' id='word_1_17' title='bbox 419 907 599 963; x_wconf 81' lang='lat' dir='ltr'><strong>extremum</strong></span> <span class='ocrx_word' id='word_1_18' title='bbox 613 894 670 980; x_wconf 80' lang='lat' dir='ltr'><strong>rpfi</strong></span> <span class='ocrx_word' id='word_1_19' title='bbox 686 896 718 962; x_wconf 87' lang='lat' dir='ltr'><strong>se</strong></span> <span class='ocrx_word' id='word_1_20' title='bbox 731 903 952 979; x_wconf 72' lang='lat' dir='ltr'><strong>compungunt</strong></span> <span class='ocrx_word' id='word_1_21' title='bbox 966 896 1033 962; x_wconf 77' lang='lat' dir='ltr'><strong>snio</strong></span> <span class='ocrx_word' id='word_1_22' title='bbox 1045 897 1162 962; x_wconf 81' lang='lat' dir='ltr'><strong>acumi-</strong></span> 
     </span>
     <span class='ocr_line' id='line_1_5' title="bbox 363 1009 1163 1092; baseline -0.003 -16"><span class='ocrx_word' id='word_1_23' title='bbox 363 1011 480 1089; x_wconf 81' lang='lat' dir='ltr'><strong>nibur,</strong></span> <span class='ocrx_word' id='word_1_24' title='bbox 502 1009 536 1075; x_wconf 70' lang='grc' dir='ltr'>ἃ</span> <span class='ocrx_word' id='word_1_25' title='bbox 560 1011 664 1074; x_wconf 84' lang='lat' dir='ltr'><strong>multa</strong></span> <span class='ocrx_word' id='word_1_26' title='bbox 686 1010 878 1092; x_wconf 81' lang='lat' dir='ltr'><strong>quaerendo,</strong></span> <span class='ocrx_word' id='word_1_27' title='bbox 910 1009 1079 1092; x_wconf 81' lang='lat' dir='ltr'><strong>reperiunt</strong></span> <span class='ocrx_word' id='word_1_28' title='bbox 1101 1029 1163 1074; x_wconf 85' lang='lat' dir='ltr'><strong>uon</strong></span> 
     </span>
    </p>

    <p class='ocr_par' dir='ltr' id='par_1_4' title="bbox 364 1102 1163 1206">
     <span class='ocr_line' id='line_1_6' title="bbox 364 1102 1163 1206; baseline -0.001 -18"><span class='ocrx_word' id='word_1_29' title='bbox 364 1126 462 1188; x_wconf 86' lang='lat' dir='ltr'><strong>rnodo</strong></span> <span class='ocrx_word' id='word_1_30' title='bbox 475 1142 525 1198; x_wconf 84' lang='lat' dir='ltr'><strong>ea,</strong></span> <span class='ocrx_word' id='word_1_31' title='bbox 547 1102 621 1206; x_wconf 64' lang='lat' dir='ltr'><strong>qun</strong></span> <span class='ocrx_word' id='word_1_32' title='bbox 634 1121 698 1202; x_wconf 82' lang='lat' dir='ltr'><strong>jam</strong></span> <span class='ocrx_word' id='word_1_33' title='bbox 712 1141 780 1186; x_wconf 89' lang='lat' dir='ltr'><strong>non</strong></span> <span class='ocrx_word' id='word_1_34' title='bbox 791 1119 904 1205; x_wconf 83' lang='lat' dir='ltr'><strong>poffint</strong></span> <span class='ocrx_word' id='word_1_35' title='bbox 914 1119 974 1206; x_wconf 82' lang='lat' dir='ltr'><strong>ipfi</strong></span> <span class='ocrx_word' id='word_1_36' title='bbox 986 1110 1163 1201; x_wconf 72' lang='lat' dir='ltr'><strong>diffoluere,</strong></span> 
     </span>
    </p>

    <p class='ocr_par' dir='ltr' id='par_1_5' title="bbox 364 1231 1163 1319">
     <span class='ocr_line' id='line_1_7' title="bbox 364 1231 1163 1319; baseline 0.004 -20"><span class='ocrx_word' id='word_1_37' title='bbox 364 1234 418 1300; x_wconf 81' lang='lat' dir='ltr'><strong>sed</strong></span> <span class='ocrx_word' id='word_1_38' title='bbox 435 1236 533 1302; x_wconf 86' lang='lat' dir='ltr'><strong>etiam</strong></span> <span class='ocrx_word' id='word_1_39' title='bbox 553 1236 670 1319; x_wconf 72' lang='lat' dir='ltr'><strong>quibua</strong></span> <span class='ocrx_word' id='word_1_40' title='bbox 693 1245 767 1300; x_wconf 81' lang='lat' dir='ltr'><strong>ante</strong></span> <span class='ocrx_word' id='word_1_41' title='bbox 784 1234 908 1312; x_wconf 79' lang='lat' dir='ltr'><strong>exorsa,</strong></span> <span class='ocrx_word' id='word_1_42' title='bbox 930 1231 965 1302; x_wconf 69' lang='grc' dir='ltr'><strong>ἃ</strong></span> <span class='ocrx_word' id='word_1_43' title='bbox 980 1236 1094 1319; x_wconf 68' lang='lat' dir='ltr'><strong>uotiua</strong></span> <span class='ocrx_word' id='word_1_44' title='bbox 1111 1237 1163 1302; x_wconf 82' lang='lat' dir='ltr'><strong>de·</strong></span> 
     </span>
    </p>

    <p class='ocr_par' dir='ltr' id='par_1_6' title="bbox 183 1329 1162 1654">
     <span class='ocr_line' id='line_1_8' title="bbox 183 1329 1162 1431; baseline 0.018 -36"><span class='ocrx_word' id='word_1_45' title='bbox 183 1384 185 1388; x_wconf 94' lang='lat'><strong>.</strong></span> <span class='ocrx_word' id='word_1_46' title='bbox 252 1329 254 1338; x_wconf 84' lang='lat'>&#39;</span> <span class='ocrx_word' id='word_1_47' title='bbox 295 1342 350 1401; x_wconf 79' lang='lat'><strong>15⁹</strong></span> <span class='ocrx_word' id='word_1_48' title='bbox 364 1354 453 1414; x_wconf 79' lang='lat' dir='ltr'><strong>texta</strong></span> <span class='ocrx_word' id='word_1_49' title='bbox 462 1368 571 1431; x_wconf 75' lang='lat' dir='ltr'><strong>prope,</strong></span> <span class='ocrx_word' id='word_1_50' title='bbox 593 1356 792 1413; x_wconf 74' lang='lat' dir='ltr'><strong>retexuntur.</strong></span> <span class='ocrx_word' id='word_1_51' title='bbox 815 1347 887 1428; x_wconf 40' lang='lat' dir='ltr'><strong>,flio</strong></span> <span class='ocrx_word' id='word_1_52' title='bbox 898 1368 959 1412; x_wconf 81' lang='lat' dir='ltr'><strong>noa</strong></span> <span class='ocrx_word' id='word_1_53' title='bbox 971 1349 1074 1431; x_wconf 81' lang='lat' dir='ltr'><strong>igitur</strong></span> <span class='ocrx_word' id='word_1_54' title='bbox 1082 1347 1162 1413; x_wconf 79' lang='lat' dir='ltr'><strong>stoi·</strong></span> 
     </span>
     <span class='ocr_line' id='line_1_9' title="bbox 234 1459 1162 1551; baseline 0.001 -26"><span class='ocrx_word' id='word_1_55' title='bbox 234 1547 237 1551; x_wconf 21' lang='lat'>¹</span> <span class='ocrx_word' id='word_1_56' title='bbox 365 1481 422 1526; x_wconf 81' lang='lat' dir='ltr'><strong>cua</strong></span> <span class='ocrx_word' id='word_1_57' title='bbox 437 1459 494 1525; x_wconf 84' lang='lat' dir='ltr'><strong>iste</strong></span> <span class='ocrx_word' id='word_1_58' title='bbox 511 1461 592 1524; x_wconf 88' lang='lat' dir='ltr'><strong>nihil</strong></span> <span class='ocrx_word' id='word_1_59' title='bbox 611 1460 765 1542; x_wconf 84' lang='lat' dir='ltr'><strong>adjuvat,</strong></span> <span class='ocrx_word' id='word_1_60' title='bbox 785 1460 937 1542; x_wconf 84' lang='lat' dir='ltr'><strong>quoniam</strong></span> <span class='ocrx_word' id='word_1_61' title='bbox 952 1464 1162 1544; x_wconf 73' lang='lat' dir='ltr'><strong>quemadmo-</strong></span> 
     </span>
     <span class='ocr_line' id='line_1_10' title="bbox 354 1573 1161 1654; baseline 0 -16"><span class='ocrx_word' id='word_1_62' title='bbox 354 1575 440 1638; x_wconf 68' lang='lat' dir='ltr'><strong>‘dum</strong></span> <span class='ocrx_word' id='word_1_63' title='bbox 459 1573 620 1638; x_wconf 86' lang='lat' dir='ltr'><strong>inveniam</strong></span> <span class='ocrx_word' id='word_1_64' title='bbox 639 1573 719 1654; x_wconf 89' lang='lat' dir='ltr'><strong>quid</strong></span> <span class='ocrx_word' id='word_1_65' title='bbox 743 1574 869 1650; x_wconf 75' lang='lat' dir='ltr'><strong>dicam,</strong></span> <span class='ocrx_word' id='word_1_66' title='bbox 891 1594 957 1636; x_wconf 79' lang='lat' dir='ltr'><strong>nou</strong></span> <span class='ocrx_word' id='word_1_67' title='bbox 976 1575 1098 1639; x_wconf 75' lang='lat' dir='ltr'><strong>doeett</strong></span> <span class='ocrx_word' id='word_1_68' title='bbox 1116 1582 1161 1640; x_wconf 78' lang='lat' dir='ltr'><strong>at-</strong></span> 
     </span>
    </p>

    <p class='ocr_par' dir='ltr' id='par_1_7' title="bbox 363 1669 1161 1771">
     <span class='ocr_line' id='line_1_11' title="bbox 363 1669 1161 1771; baseline 0.008 -22"><span class='ocrx_word' id='word_1_69' title='bbox 363 1705 427 1771; x_wconf 87' lang='lat' dir='ltr'><strong>que</strong></span> <span class='ocrx_word' id='word_1_70' title='bbox 441 1669 640 1751; x_wconf 37' lang='lat' dir='ltr'><strong>idem&#39;etiarn</strong></span> <span class='ocrx_word' id='word_1_71' title='bbox 660 1687 814 1766; x_wconf 83' lang='lat' dir='ltr'><strong>impedit,</strong></span> <span class='ocrx_word' id='word_1_72' title='bbox 836 1684 978 1767; x_wconf 80' lang='lat' dir='ltr'><strong>quodj&amp;</strong></span> <span class='ocrx_word' id='word_1_73' title='bbox 993 1688 1099 1754; x_wconf 72' lang='lat' dir='ltr'><strong>multa</strong></span> <span class='ocrx_word' id='word_1_74' title='bbox 1113 1708 1161 1754; x_wconf 77' lang='lat' dir='ltr'><strong>to·</strong></span> 
     </span>
    </p>

    <p class='ocr_par' dir='ltr' id='par_1_8' title="bbox 361 1797 1159 1892">
     <span class='ocr_line' id='line_1_12' title="bbox 361 1797 1159 1892; baseline 0.008 -32"><span class='ocrx_word' id='word_1_75' title='bbox 361 1800 457 1883; x_wconf 80' lang='lat' dir='ltr'><strong>perit,</strong></span> <span class='ocrx_word' id='word_1_76' title='bbox 477 1819 554 1882; x_wconf 82' lang='lat' dir='ltr'><strong>-quae</strong></span> <span class='ocrx_word' id='word_1_77' title='bbox 569 1807 664 1879; x_wconf 81' lang='lat' dir='ltr'><strong>neget</strong></span> <span class='ocrx_word' id='word_1_78' title='bbox 678 1800 747 1862; x_wconf 81' lang='lat' dir='ltr'><strong>ulio</strong></span> <span class='ocrx_word' id='word_1_79' title='bbox 758 1802 854 1862; x_wconf 86' lang='lat' dir='ltr'><strong>modo</strong></span> <span class='ocrx_word' id='word_1_80' title='bbox 869 1798 960 1892; x_wconf 82' lang='lat' dir='ltr'><strong>poffe·</strong></span> <span class='ocrx_word' id='word_1_81' title='bbox 971 1797 1110 1878; x_wconf 77' lang='lat' dir='ltr'><strong>dissolvi,</strong></span> <span class='ocrx_word' id='word_1_82' title='bbox 1128 1797 1159 1866; x_wconf 67' lang='grc' dir='ltr'>ἃ</span> 
     </span>
    </p>

    <p class='ocr_par' dir='ltr' id='par_1_9' title="bbox 360 1902 1158 1996">
     <span class='ocr_line' id='line_1_13' title="bbox 360 1902 1158 1996; baseline 0.004 -20"><span class='ocrx_word' id='word_1_83' title='bbox 360 1931 463 1995; x_wconf 77' lang='lat' dir='ltr'><strong>genua</strong></span> <span class='ocrx_word' id='word_1_84' title='bbox 478 1912 630 1977; x_wconf 87' lang='lat' dir='ltr'><strong>sermonis</strong></span> <span class='ocrx_word' id='word_1_85' title='bbox 646 1910 740 1975; x_wconf 87' lang='lat' dir='ltr'><strong>affert</strong></span> <span class='ocrx_word' id='word_1_86' title='bbox 754 1902 819 1974; x_wconf 88' lang='lat' dir='ltr'><strong>non</strong></span> <span class='ocrx_word' id='word_1_87' title='bbox 836 1912 1009 1996; x_wconf 69' lang='lat' dir='ltr'><strong>liquidum,</strong></span> <span class='ocrx_word' id='word_1_88' title='bbox 1029 1931 1100 1978; x_wconf 82' lang='lat' dir='ltr'><strong>non</strong></span> <span class='ocrx_word' id='word_1_89' title='bbox 1111 1913 1158 1980; x_wconf 79' lang='lat' dir='ltr'><strong>fu·</strong></span> 
     </span>
    </p>

    <p class='ocr_par' dir='ltr' id='par_1_10' title="bbox 361 2005 1158 2108">
     <span class='ocr_line' id='line_1_14' title="bbox 361 2005 1158 2108; baseline 0.001 -19"><span class='ocrx_word' id='word_1_90' title='bbox 361 2022 433 2089; x_wconf 82' lang='lat' dir='ltr'><strong>sum</strong></span> <span class='ocrx_word' id='word_1_91' title='bbox 452 2043 490 2090; x_wconf 81' lang='lat' dir='ltr'><strong>au</strong></span> <span class='ocrx_word' id='word_1_92' title='bbox 504 2005 684 2108; x_wconf 84' lang='lat' dir='ltr'><strong>profluens,</strong></span> <span class='ocrx_word' id='word_1_93' title='bbox 706 2024 870 2106; x_wconf 74' lang='lat' dir='ltr'><strong>sedexiie,</strong></span> <span class='ocrx_word' id='word_1_94' title='bbox 891 2024 1035 2104; x_wconf 84' lang='lat' dir='ltr'><strong>aridum,</strong></span> <span class='ocrx_word' id='word_1_95' title='bbox 1058 2026 1158 2092; x_wconf 84' lang='lat' dir='ltr'><strong>conoi-</strong></span> 
     </span>
    </p>

    <p class='ocr_par' dir='ltr' id='par_1_11' title="bbox 361 2135 1159 2430">
     <span class='ocr_line' id='line_1_15' title="bbox 362 2135 1158 2221; baseline -0.003 -18"><span class='ocrx_word' id='word_1_96' title='bbox 362 2137 429 2204; x_wconf 83' lang='lat' dir='ltr'><strong>snm</strong></span> <span class='ocrx_word' id='word_1_97' title='bbox 446 2159 482 2201; x_wconf 88' lang='lat' dir='ltr'><strong>ao</strong></span> <span class='ocrx_word' id='word_1_98' title='bbox 500 2140 672 2202; x_wconf 87' lang='lat' dir='ltr'><strong>minutum.</strong></span> <span class='ocrx_word' id='word_1_99' title='bbox 706 2139 791 2219; x_wconf 90' lang='lat' dir='ltr'><strong>quod</strong></span> <span class='ocrx_word' id='word_1_100' title='bbox 806 2135 829 2201; x_wconf 79' lang='lat' dir='ltr'>fi</span> <span class='ocrx_word' id='word_1_101' title='bbox 845 2139 916 2221; x_wconf 78' lang='lat' dir='ltr'><strong>quis</strong></span> <span class='ocrx_word' id='word_1_102' title='bbox 929 2140 1097 2219; x_wconf 79' lang='lat' dir='ltr'><strong>probabit,</strong></span> <span class='ocrx_word' id='word_1_103' title='bbox 1117 2138 1158 2203; x_wconf 85' lang='lat' dir='ltr'><strong>ita</strong></span> 
     </span>
     <span class='ocr_line' id='line_1_16' title="bbox 361 2251 1158 2336; baseline 0.004 -23"><span class='ocrx_word' id='word_1_104' title='bbox 361 2252 525 2336; x_wconf 80' lang='lat' dir='ltr'>probabit,</span> <span class='ocrx_word' id='word_1_105' title='bbox 548 2261 584 2315; x_wconf 87' lang='lat' dir='ltr'><strong>ut</strong></span> <span class='ocrx_word' id='word_1_106' title='bbox 607 2253 727 2314; x_wconf 90' lang='lat' dir='ltr'><strong>oratori</strong></span> <span class='ocrx_word' id='word_1_107' title='bbox 748 2261 856 2315; x_wconf 85' lang='lat' dir='ltr'><strong>tamen</strong></span> <span class='ocrx_word' id='word_1_108' title='bbox 877 2261 989 2333; x_wconf 87' lang='lat' dir='ltr'><strong>aptum</strong></span> <span class='ocrx_word' id='word_1_109' title='bbox 1011 2271 1078 2315; x_wconf 88' lang='lat' dir='ltr'><strong>non</strong></span> <span class='ocrx_word' id='word_1_110' title='bbox 1102 2251 1158 2316; x_wconf 81' lang='lat' dir='ltr'><strong>effe</strong></span> 
     </span>
     <span class='ocr_line' id='line_1_17' title="bbox 361 2354 1159 2430; baseline -0.001 0"><span class='ocrx_word' id='word_1_111' title='bbox 361 2365 514 2430; x_wconf 77' lang='lat' dir='ltr'><strong>fateatur.</strong></span> <span class='ocrx_word' id='word_1_112' title='bbox 562 2365 641 2428; x_wconf 81' lang='lat' dir='ltr'><strong>Hoec</strong></span> <span class='ocrx_word' id='word_1_113' title='bbox 657 2354 744 2426; x_wconf 78' lang='lat' dir='ltr'><strong>enirn</strong></span> <span class='ocrx_word' id='word_1_114' title='bbox 764 2363 870 2426; x_wconf 86' lang='lat' dir='ltr'><strong>nostra</strong></span> <span class='ocrx_word' id='word_1_115' title='bbox 888 2364 991 2427; x_wconf 89' lang='lat' dir='ltr'><strong>oratio</strong></span> <span class='ocrx_word' id='word_1_116' title='bbox 1014 2366 1159 2430; x_wconf 85' lang='lat' dir='ltr'><strong>multitu·</strong></span> 
     </span>
    </p>

    <p class='ocr_par' dir='ltr' id='par_1_12' title="bbox 363 2476 1160 2553">
     <span class='ocr_line' id='line_1_18' title="bbox 363 2476 1160 2553; baseline 0.001 -12"><span class='ocrx_word' id='word_1_117' title='bbox 363 2477 447 2541; x_wconf 84' lang='lat' dir='ltr'><strong>dinis</strong></span> <span class='ocrx_word' id='word_1_118' title='bbox 468 2476 512 2540; x_wconf 85' lang='lat' dir='ltr'><strong>est</strong></span> <span class='ocrx_word' id='word_1_119' title='bbox 536 2476 670 2541; x_wconf 84' lang='lat' dir='ltr'><strong>auribus</strong></span> <span class='ocrx_word' id='word_1_120' title='bbox 686 2477 985 2553; x_wconf 68' lang='lat' dir='ltr'><strong>ancorumodauda,</strong></span> <span class='ocrx_word' id='word_1_121' title='bbox 1004 2480 1056 2541; x_wconf 80' lang='lat' dir='ltr'><strong>ad</strong></span> <span class='ocrx_word' id='word_1_122' title='bbox 1075 2478 1160 2542; x_wconf 82' lang='lat' dir='ltr'><strong>oble·</strong></span> 
     </span>
    </p>

    <p class='ocr_par' dir='ltr' id='par_1_13' title="bbox 327 2588 1160 2786">
     <span class='ocr_line' id='line_1_19' title="bbox 327 2588 1160 2674; baseline 0.001 -21"><span class='ocrx_word' id='word_1_123' title='bbox 327 2592 329 2594; x_wconf 69' lang='grc'><strong>’</strong></span> <span class='ocrx_word' id='word_1_124' title='bbox 362 2588 496 2653; x_wconf 65' lang='lat' dir='ltr'><strong>&amp;andos</strong></span> <span class='ocrx_word' id='word_1_125' title='bbox 511 2589 654 2666; x_wconf 87' lang='lat' dir='ltr'><strong>animos,</strong></span> <span class='ocrx_word' id='word_1_126' title='bbox 677 2591 717 2652; x_wconf 88' lang='lat' dir='ltr'><strong>ad</strong></span> <span class='ocrx_word' id='word_1_127' title='bbox 732 2591 951 2669; x_wconf 83' lang='lat' dir='ltr'><strong>impellendos,</strong></span> <span class='ocrx_word' id='word_1_128' title='bbox 976 2590 1016 2654; x_wconf 84' lang='lat' dir='ltr'><strong>ad</strong></span> <span class='ocrx_word' id='word_1_129' title='bbox 1035 2609 1074 2653; x_wconf 83' lang='lat' dir='ltr'><strong>ea</strong></span> <span class='ocrx_word' id='word_1_130' title='bbox 1090 2610 1160 2674; x_wconf 84' lang='lat' dir='ltr'><strong>pro·</strong></span> 
     </span>
     <span class='ocr_line' id='line_1_20' title="bbox 363 2700 1160 2786; baseline 0 -20"><span class='ocrx_word' id='word_1_131' title='bbox 363 2701 478 2777; x_wconf 85' lang='lat' dir='ltr'><strong>banda,</strong></span> <span class='ocrx_word' id='word_1_132' title='bbox 500 2720 571 2783; x_wconf 87' lang='lat' dir='ltr'><strong>quae</strong></span> <span class='ocrx_word' id='word_1_133' title='bbox 586 2723 649 2764; x_wconf 90' lang='lat' dir='ltr'><strong>non</strong></span> <span class='ocrx_word' id='word_1_134' title='bbox 664 2700 807 2764; x_wconf 83' lang='lat' dir='ltr'><strong>aurificis</strong></span> <span class='ocrx_word' id='word_1_135' title='bbox 819 2701 943 2776; x_wconf 83' lang='lat' dir='ltr'><strong>statera,</strong></span> <span class='ocrx_word' id='word_1_136' title='bbox 958 2702 1009 2765; x_wconf 87' lang='lat' dir='ltr'><strong>sed</strong></span> <span class='ocrx_word' id='word_1_137' title='bbox 1026 2705 1160 2786; x_wconf 83' lang='lat' dir='ltr'><strong>quadam</strong></span> 
     </span>
    </p>

    <p class='ocr_par' dir='ltr' id='par_1_14' title="bbox 293 2813 1162 3010">
     <span class='ocr_line' id='line_1_21' title="bbox 293 2813 1161 2895; baseline 0.01 -24"><span class='ocrx_word' id='word_1_138' title='bbox 293 2816 347 2872; x_wconf 84' lang='lat'><strong>160</strong></span> <span class='ocrx_word' id='word_1_139' title='bbox 363 2813 510 2895; x_wconf 86' lang='lat' dir='ltr'><strong>populari</strong></span> <span class='ocrx_word' id='word_1_140' title='bbox 524 2815 644 2876; x_wconf 86' lang='lat' dir='ltr'><strong>trutina</strong></span> <span class='ocrx_word' id='word_1_141' title='bbox 666 2814 900 2876; x_wconf 79' lang='lat' dir='ltr'><strong>examinantur.</strong></span> <span class='ocrx_word' id='word_1_142' title='bbox 946 2813 1059 2889; x_wconf 85' lang='lat' dir='ltr'><strong>Quare</strong></span> <span class='ocrx_word' id='word_1_143' title='bbox 1072 2815 1161 2880; x_wconf 81' lang='lat' dir='ltr'><strong>istam</strong></span> 
     </span>
     <span class='ocr_line' id='line_1_22' title="bbox 361 2926 1162 3010; baseline 0.004 -21"><span class='ocrx_word' id='word_1_144' title='bbox 361 2939 464 2990; x_wconf 86' lang='lat' dir='ltr'><strong>artem</strong></span> <span class='ocrx_word' id='word_1_145' title='bbox 484 2934 581 2988; x_wconf 87' lang='lat' dir='ltr'><strong>totam</strong></span> <span class='ocrx_word' id='word_1_146' title='bbox 596 2927 815 2999; x_wconf 80' lang='lat' dir='ltr'><strong>dimittamus,</strong></span> <span class='ocrx_word' id='word_1_147' title='bbox 838 2926 959 3007; x_wconf 87' lang='lat' dir='ltr'><strong>quaein</strong></span> <span class='ocrx_word' id='word_1_148' title='bbox 977 2929 1162 3010; x_wconf 78' lang='lat' dir='ltr'><strong>excogitan·</strong></span> 
     </span>
    </p>

    <p class='ocr_par' dir='ltr' id='par_1_15' title="bbox 360 3037 1163 3122">
     <span class='ocr_line' id='line_1_23' title="bbox 360 3037 1163 3122; baseline -0.001 -18"><span class='ocrx_word' id='word_1_149' title='bbox 360 3038 411 3104; x_wconf 87' lang='lat' dir='ltr'><strong>dis</strong></span> <span class='ocrx_word' id='word_1_150' title='bbox 426 3040 623 3120; x_wconf 84' lang='lat' dir='ltr'><strong>argumentis</strong></span> <span class='ocrx_word' id='word_1_151' title='bbox 636 3049 728 3102; x_wconf 88' lang='lat' dir='ltr'><strong>muta</strong></span> <span class='ocrx_word' id='word_1_152' title='bbox 740 3038 875 3100; x_wconf 87' lang='lat' dir='ltr'><strong>nimium</strong></span> <span class='ocrx_word' id='word_1_153' title='bbox 888 3037 944 3115; x_wconf 87' lang='lat' dir='ltr'><strong>est,</strong></span> <span class='ocrx_word' id='word_1_154' title='bbox 962 3038 1000 3102; x_wconf 80' lang='lat' dir='ltr'><strong>&#39;in</strong></span> <span class='ocrx_word' id='word_1_155' title='bbox 1009 3037 1163 3122; x_wconf 78' lang='lat' dir='ltr'><strong>judicari·</strong></span> 
     </span>
    </p>

    <p class='ocr_par' dir='ltr' id='par_1_16' title="bbox 361 3150 1162 3245">
     <span class='ocr_line' id='line_1_24' title="bbox 361 3150 1162 3245; baseline 0.001 -29"><span class='ocrx_word' id='word_1_156' title='bbox 361 3153 411 3216; x_wconf 84' lang='lat' dir='ltr'><strong>dis</strong></span> <span class='ocrx_word' id='word_1_157' title='bbox 425 3151 560 3216; x_wconf 89' lang='lat' dir='ltr'><strong>nimium</strong></span> <span class='ocrx_word' id='word_1_158' title='bbox 577 3153 705 3234; x_wconf 83' lang='lat' dir='ltr'><strong>loquax.</strong></span> <span class='ocrx_word' id='word_1_159' title='bbox 749 3150 922 3215; x_wconf 82' lang='lat' dir='ltr'><strong>Critolaum</strong></span> <span class='ocrx_word' id='word_1_160' title='bbox 936 3150 1043 3229; x_wconf 80' lang='lat' dir='ltr'><strong>istum,</strong></span> <span class='ocrx_word' id='word_1_161' title='bbox 1066 3173 1162 3245; x_wconf 77' lang='lat' dir='ltr'><strong>quem</strong></span> 
     </span>
    </p>

    <p class='ocr_par' dir='ltr' id='par_1_17' title="bbox 322 3259 1164 3460">
     <span class='ocr_line' id='line_1_25' title="bbox 322 3259 1164 3356; baseline 0.001 -28"><span class='ocrx_word' id='word_1_162' title='bbox 322 3259 327 3263; x_wconf 72' lang='grc'>’</span> <span class='ocrx_word' id='word_1_163' title='bbox 358 3261 453 3328; x_wconf 83' lang='lat' dir='ltr'><strong>fimul</strong></span> <span class='ocrx_word' id='word_1_164' title='bbox 482 3284 557 3328; x_wconf 81' lang='lat' dir='ltr'><strong>cuna</strong></span> <span class='ocrx_word' id='word_1_165' title='bbox 591 3267 733 3345; x_wconf 83' lang='lat' dir='ltr'><strong>Diogene</strong></span> <span class='ocrx_word' id='word_1_166' title='bbox 761 3262 877 3328; x_wconf 80' lang='lat' dir='ltr'><strong>veniffe</strong></span> <span class='ocrx_word' id='word_1_167' title='bbox 907 3283 1164 3356; x_wconf 73' lang='lat' dir='ltr'><strong>commemoras,</strong></span> 
     </span>
     <span class='ocr_line' id='line_1_26' title="bbox 356 3375 1161 3460; baseline 0.002 -20"><span class='ocrx_word' id='word_1_168' title='bbox 356 3386 437 3460; x_wconf 82' lang='lat' dir='ltr'><strong>puto</strong></span> <span class='ocrx_word' id='word_1_169' title='bbox 453 3378 522 3460; x_wconf 90' lang='lat' dir='ltr'><strong>plus</strong></span> <span class='ocrx_word' id='word_1_170' title='bbox 538 3378 612 3441; x_wconf 85' lang='lat' dir='ltr'><strong>huic</strong></span> <span class='ocrx_word' id='word_1_171' title='bbox 623 3377 724 3441; x_wconf 90' lang='lat' dir='ltr'><strong>studio</strong></span> <span class='ocrx_word' id='word_1_172' title='bbox 738 3376 841 3439; x_wconf 84' lang='lat' dir='ltr'><strong>nostro</strong></span> <span class='ocrx_word' id='word_1_173' title='bbox 857 3375 1000 3457; x_wconf 82' lang='lat' dir='ltr'><strong>prodeffe</strong></span> <span class='ocrx_word' id='word_1_174' title='bbox 1013 3377 1161 3455; x_wconf 80' lang='lat' dir='ltr'><strong>potuisse.</strong></span> 
     </span>
    </p>

    <p class='ocr_par' dir='ltr' id='par_1_18' title="bbox 205 3487 1166 3690">
     <span class='ocr_line' id='line_1_27' title="bbox 205 3487 1162 3573; baseline 0.002 -21"><span class='ocrx_word' id='word_1_175' title='bbox 205 3526 208 3532; x_wconf 95' lang='lat'><em>-</em></span> <span class='ocrx_word' id='word_1_176' title='bbox 346 3488 437 3573; x_wconf 14' lang='lat' dir='ltr'><strong>nErat</strong></span> <span class='ocrx_word' id='word_1_177' title='bbox 454 3493 538 3553; x_wconf 86' lang='lat' dir='ltr'><strong>enim</strong></span> <span class='ocrx_word' id='word_1_178' title='bbox 560 3489 671 3551; x_wconf 76' lang='lat' dir='ltr'><strong>abitio</strong></span> <span class='ocrx_word' id='word_1_179' title='bbox 688 3489 874 3565; x_wconf 84' lang='lat' dir='ltr'><strong>Aristotele,</strong></span> <span class='ocrx_word' id='word_1_180' title='bbox 899 3487 1027 3569; x_wconf 83' lang='lat' dir='ltr'><strong>aeujos</strong></span> <span class='ocrx_word' id='word_1_181' title='bbox 1047 3490 1162 3556; x_wconf 83' lang='lat' dir='ltr'><strong>inven-</strong></span> 
     </span>
     <span class='ocr_line' id='line_1_28' title="bbox 288 3599 1166 3690; baseline 0.006 -26"><span class='ocrx_word' id='word_1_182' title='bbox 288 3672 292 3684; x_wconf 77' lang='lat'><strong>.</strong></span> <span class='ocrx_word' id='word_1_183' title='bbox 356 3599 399 3665; x_wconf 80' lang='lat' dir='ltr'><strong>us</strong></span> <span class='ocrx_word' id='word_1_184' title='bbox 412 3602 472 3669; x_wconf 82' lang='lat' dir='ltr'><strong>tibi</strong></span> <span class='ocrx_word' id='word_1_185' title='bbox 486 3623 546 3690; x_wconf 79' lang='lat' dir='ltr'><strong>ego</strong></span> <span class='ocrx_word' id='word_1_186' title='bbox 563 3604 673 3669; x_wconf 87' lang='lat' dir='ltr'><strong>videor</strong></span> <span class='ocrx_word' id='word_1_187' title='bbox 686 3621 751 3667; x_wconf 90' lang='lat' dir='ltr'><strong>non</strong></span> <span class='ocrx_word' id='word_1_188' title='bbox 763 3602 860 3685; x_wconf 83' lang='lat' dir='ltr'><strong>louge</strong></span> <span class='ocrx_word' id='word_1_189' title='bbox 870 3601 1032 3668; x_wconf 79' lang='lat' dir='ltr'><strong>aberrare.</strong></span> <span class='ocrx_word' id='word_1_190' title='bbox 1062 3610 1166 3690; x_wconf 74' lang='lat' dir='ltr'><strong>atque</strong></span> 
     </span>
    </p>
   </div>
   <div class='ocr_carea' id='block_1_3' title="bbox 0 0 1368 4350">
    <p class='ocr_par' dir='ltr' id='par_1_19' title="bbox 0 0 1368 4350">
     <span class='ocr_line' id='line_1_29' title="bbox 0 0 1368 4350; baseline 0 0"><span class='ocrx_word' id='word_1_191' title='bbox 0 0 1368 4350; x_wconf 95' lang='lat' dir='ltr'><strong> </strong></span> 
     </span>
    </p>
   </div>
  </div>
 </body>
</html>
