2725 4350
337 527 380 590 90
500 502 570 569 ou
599 477 967 602 rnunnr'ronn

337 699 476 763 quaeque
489 678 557 763 post
580 678 744 761 negotium
762 682 929 752 consecuta
948 679 1038 759 suot,
1061 702 1135 748 cum

336 791 580 875 uniuscujusque
604 792 824 874 indignatione
851 792 887 871 ὰ
912 795 1136 863 criminatione

335 907 528 989 colligimus,
551 905 585 969 ἃ
596 924 664 969 rem
679 906 785 972 verbis
800 924 897 990 quam
909 908 1050 992 maxime
1060 920 1135 975 ante

296 1059 299 1070 ·
336 1022 450 1085 oculos
471 1018 572 1101 ejus,
588 1019 675 1101 apud
692 1001 785 1102 qu‘em
802 1020 938 1097 dicitur,
965 1024 1134 1104 ponimus,

335 1141 373 1211 nt
387 1134 436 1209 id,
445 1134 545 1218 *quod
556 1131 724 1215 indignum
740 1132 794 1210 est,
816 1132 948 1217 perinde
961 1133 1009 1198 illi
1023 1135 1135 1200 videa·

332 1245 386 1309 'tur
399 1246 585 1327 indignum,
607 1263 645 1309 ac
661 1241 685 1307 fi
700 1244 764 1328 ipse
780 1246 977 1323 interfuerit,
999 1266 1037 1310 ac
1048 1268 1135 1330 prue-

184 1427 189 1442 Ι
223 1412 225 1414 .
331 1359 403 1423 sens
413 1339 544 1424 uiderit.
566 1357 764 1443 Undecimus
779 1359 869 1423 locus
886 1358 941 1438 est,
964 1379 1132 1444 perquem

334 1470 526 1550 ostendimus
536 1461 555 1550 ',
582 1472 622 1536 ab
642 1490 683 1534 eo
703 1470 840 1557 inibunt,
863 1491 974 1555 aquo
998 1472 1130 1538 mininie

331 1585 519 1669 oportuerit,
541 1584 575 1655 &
590 1602 700 1667 aquo,
722 1584 842 1649 stulius
857 1587 978 1650 faceret
987 1632 997 1665 ,
1020 1586 1129 1669 prohi-

278 1736 280 1738 ·
310 1697 397 1780 ,bert
414 1698 613 1762 conveniret.
649 1690 874 1777 Duodecimus,
887 1683 1049 1777 locus'est,
1072 1718 1130 1784 per

327 1811 1130 1902 quemindignamur,quodnobishocpriruisacci·

215 1911 217 1915 ¹
249 1935 312 1999 '‘1'05
329 1922 422 1999 derit,
445 1944 504 1989 nec
519 1925 619 1989 alicui
632 1943 778 2006 unquam
792 1924 852 1989 usu
866 1924 1020 1991 evenerit.
1044 1924 1130 1992 Ter·

326 2036 532 2102 tiusdecimus
545 2038 635 2101 locus
655 2037 717 2113 est,
739 2035 856 2124 fipcum
873 2035 990 2118 injuria
1009 2048 1131 2104 contu·

324 2148 547 2234 melitiunsta
562 2149 812 2228 demonstratur,
833 2168 890 2233 per
908 2166 1001 2232 quem
1018 2150 1128 2218 locum

273 2308 277 2313 -
325 2264 361 2328 in
375 2265 551 2349 superbiam
567 2264 834 2347 &arrogantiam
851 2263 962 2328 odium
973 2264 1126 2359 'concita-

324 2384 390 2443 tur.
442 2378 726 2455 Quartusdecimus
746 2378 838 2442 locus
860 2375 927 2453 est,
950 2394 1125 2460 perquem

324 2493 463 2572 petimus
479 2493 518 2556 ab
540 2493 600 2568 iis,
624 2493 681 2575 qui
699 2492 849 2566 audiunt,
871 2498 909 2565 ut
924 2489 964 2553 ad
982 2490 1050 2553 suas
1073 2509 1124 2552 res

277 2644 282 2651 ·
303 2615 305 2619 ·
324 2603 445 2666 nostras
462 2604 595 2684 injurias
616 2605 771 2666 referant:
794 2603 873 2666 fiad
891 2622 1007 2686 pueros
1023 2601 1123 2683 perti·

324 2715 429 2789 nebit,
452 2718 492 2780 de
506 2717 616 2781 liberis
634 2714 697 2779 suis
719 2715 879 2797 cogitent:
902 2714 926 2778 fi
948 2717 987 2779 ad
1008 2713 1124 2777 mulie-

323 2829 453 2903 res,·de
477 2828 652 2891 uxoribus:
676 2825 700 2888 fr
722 2831 761 2891 ad
783 2827 895 2904 senes,
919 2829 959 2892 de
980 2829 1124 2910 patribus

199 2982 207 3015 ,;
298 2949 376 3002 πται
398 2943 595 3022 parentibus.
641 2939 925 3016 Quintusdecimus
948 2942 1037 3002 locus
1059 2940 1122 3016 est,

264 3071 277 3083 ¹
316 3071 373 3135 per
389 3075 487 3137 quem
503 3056 653 3129 dicitnus,
676 3054 815 3119 inimicis
832 3058 962 3135 quoque
976 3051 1008 3116 δι
1025 3052 1124 3116 hosti·

219 3226 222 3233 .
317 3168 377 3229 bus
389 3187 445 3244 ea,
468 3187 542 3250 quae
558 3168 649 3232 nobis
664 3168 849 3242 acciderint,
871 3166 1001 3245 indigna
1020 3165 1125 3230 videri

317 3279 428 3344 solere.
472 3282 516 3345 Et
531 3281 706 3362 indignatio
723 3280 855 3363 quidem
870 3278 920 3341 his
936 3280 1004 3342 iere
1020 3280 1057 3341 de
1072 3277 1124 3342 lo·

317 3395 362 3454 cis
381 3392 558 3474 gravifl'rme
574 3395 725 3459 sumetur.

250 3537 303 3622 55
385 3507 625 3590 Conquestionis
646 3516 756 3572 antem
775 3503 954 3588 hujusmodi
971 3503 1122 3566 derebus

216 3626 218 3630 '
250 3642 299 3696 1„
318 3626 425 3703 partes
441 3628 551 3703 petere
567 3621 738 3704 oportebit.
785 3615 1034 3703 Conquestioest
1049 3635 1123 3679 orn-
