2725 4350
161 428 164 434 ’
236 459 341 592 Q„
469 462 938 548 unonnronn

294 656 492 742 petendum,
520 654 557 723 dr
580 655 776 724 adversarios
796 654 965 720 minaciter
979 653 1105 724 mrtem

166 830 170 838 .
296 765 477 857 poliemus,
509 768 545 835 &
560 789 631 834 rem
648 767 767 854 gestam
784 785 963 857 exponere,
990 767 1029 834 dr
1049 769 1104 847 id,

298 884 386 969 quod
403 883 663 958 intenderemus,
684 882 886 960 confirmare,
909 880 998 972 trid,
1018 879 1104 965 q'nod

299 1007 414 1061 contra
434 995 611 1072 diceretur,
632 995 796 1073 refellere,
818 994 853 1061 dr
867 995 908 1058 ad
922 1001 1105 1060 extremum

297 1109 466 1194 deprecari
479 1106 666 1191 aliquid&
679 1108 853 1192 conqueri,
876 1107 992 1192 quibus
1007 1109 1044 1171 in
1053 1127 1102 1173 re·

289 1223 361 1288 -bus
376 1221 481 1286 omnic
500 1230 674 1287 oratorum
694 1220 871 1296 versaretur
884 1221 1045 1285 lucullana
1067 1219 1105 1286 dt

297 1336 390 1420 ‘qnod
411 1335 623 1413 consuetudo,
649 1332 962 1416 exercitatioque&
980 1315 1105 1398 intelli·

218 1461 221 1468 '
298 1450 398 1531 gendi
408 1449 613 1532 prudentiam
628 1454 779 1524 acueret,
807 1446 841 1510 dr
858 1447 1033 1529 eloquendi
1049 1465 1101 1520 ce-

299 1561 460 1626 leritatem
473 1560 643 1625 incitaret:
673 1561 867 1623 tumetium
883 1560 1103 1642 exemplorum

229 1681 232 1743 j
255 1684 291 1745 91
303 1674 395 1756 copia
407 1673 581 1740 nitebatur.
604 1672 700 1737 -Nam
711 1673 869 1755 primunr,
892 1670 980 1755 qua-fi
994 1673 1104 1737 dedita

299 1788 587 1869 opera-nominem
613 1786 799 1870 scriptorem
819 1785 898 1848 artis
918 1805 960 1847 ne
977 1783 1107 1851 medio-r

299 1898 397 1964 criter
419 1900 552 1983 quidem
569 1900 721 1965 disertum
741 1897 832 1964 inille
851 1898 994 1977 dicebat,
1026 1917 1104 1987 curn

221 2023 223 2028 '
297 2000 463 2097 repeteret
486 2030 591 2096 unque
609 2033 630 2076 a
647 2013 792 2089 Corace,
817 2010 926 2075 nescio
950 2031 1036 2093 quo,
1066 2011 1103 2075 dr

240 2153 242 2158 ·
299 2122 404 2199 Tifia,
426 2144 509 2208 quus
525 2127 606 2190 artis
620 2126 709 2191 illius
725 2126 909 2191 inventores
929 2124 965 2188 dc
981 2123 1103 2207 princi-

243 2263 252 2282 1
276 2236 357 2322 lpes
374 2239 468 2307 fuiffe
490 2239 668 2304 constaret:
700 2237 969 2322 eloquentillunos
992 2246 1103 2302 autem

228 2363 232 2380 ¹
297 2351 467 2430 homines,
489 2354 547 2436 qui
560 2353 617 2416 ista
634 2373 694 2417 nec
711 2352 906 2427 didicissent,
928 2351 1107 2431 necornni-

297 2485 341 2529 no
363 2465 443 2530 scire
466 2463 646 2541 curassent,
675 2466 925 2531 innumerabiles
949 2465 1103 2545 quosdam

296 2579 501 2642 nominabat:
524 2578 559 2639 in
582 2578 696 2661 quibus
712 2579 828 2655 etiarn,
859 2575 936 2654 (five
950 2575 1006 2636 ille
1027 2577 1105 2638 irri-

297 2691 377 2754 dens
386 2734 396 2766 ,
419 2688 483 2754 five
497 2693 583 2770 quod
598 2691 644 2752 ita
655 2696 786 2771 putaret
799 2697 902 2771 atque
921 2687 968 2750 ita
995 2687 1104 2751 audil-

210 2818 212 2823 ·
295 2800 379 2878 iet,)
401 2821 452 2864 me
470 2801 508 2889 in
518 2800 574 2864 illo
591 2821 744 2877 numero,
773 2801 829 2886 qui
852 2771 906 2864 illa
929 2820 994 2863 non
1020 2803 1103 2865 didi·-

186 2948 188 2953 ·
297 2911 422 2989 tillem,
451 2911 487 2978 δι
507 2921 619 2979 tamen
647 2912 711 2997 (ut
724 2914 789 2998 ipse
807 2913 964 2998 dicebat)
982 2914 1101 3001 pollern

172 3062 174 3067 ·
297 3027 420 3112 aliquid
431 3026 465 3089 in
486 3026 643 3105 dicendo,
661 3029 860 3111 proferebat.
890 3029 1041 3103 Quorum
1053 3027 1100 3093 illi

296 3141 436 3205 alterum
450 3140 547 3204 facile
560 3139 762 3220 assentiebar,
787 3142 868 3204 nihil
881 3162 932 3204 me
942 3138 1099 3216 didicifl'ec

295 3253 332 3319 in
347 3255 574 3318 alternantem
596 3275 649 3317 me
670 3254 765 3319 illudi
781 3255 892 3330 abeo,
928 3262 984 3316 aut
1000 3253 1099 3317 etlam

167 3406 171 3417 ·
250 3366 526 3450 priplumerrare
541 3367 727 3432 arbitraba-r.
771 3367 886 3430 Artem
910 3387 987 3432 vero
1004 3385 1101 3447 nega-

286 3481 353 3544 -bat
367 3477 430 3542 effe
444 3481 555 3556 ullam,
578 3477 638 3543 nifi'
651 3500 723 3562 quac
742 3480 888 3561 cognitis,
911 3478 1100 3565 penitusque

270 3618 273 3622 ·
288 3583 464 3672 *perspectis
473 3621 498 3670 ,·
514 3590 548 3655 &
565 3591 598 3653 in
613 3611 713 3655 unum
728 3593 851 3656 exitum
866 3590 1099 3674 spestantibus,

206 3758 215 3767 .
294 3699 330 3772 δι
347 3720 524 3798 numquam
538 3682 842 3794 fallentibusrelpus
867 3705 1099 3775 contineretur.
