2725 4350
1189 359 1196 408 i

355 502 420 566 ψ
516 474 988 548 uuonnroou
1189 411 1197 634 1

354 655 558 731 intervallis;
596 653 788 738 imaginibus
819 654 946 736 auremj
968 657 1151 740 agentibus,

354 771 494 847 acribur',
516 766 681 850 infignitiu,
698 786 770 849 quae
785 785 974 860 occurrere,
999 772 1154 836 celeriter·

355 906 421 968 que
444 895 612 965 percutere
631 880 777 944 animum
799 876 926 962 poffint.
981 883 1094 958 Quam
1113 887 1154 950 fr·

354 999 508 1063 cultatem
534 993 568 1059 ἂ
591 992 777 1059 exercitatio
800 993 909 1072 dabit,
931 1015 975 1059 ex
998 1015 1067 1080 quo
1087 1017 1156 1061 con·

353 1110 489 1176 suetudo
504 1108 662 1191 gignitum
686 1102 881 1195 &similium
896 1107 1083 1203 verborum
1090 1130 1157 1174 eun·

354 1224 444 1290 versa
459 1222 492 1287 dr
509 1222 678 1285 immutata
695 1215 840 1294 cafibur,
869 1227 932 1284 aut
950 1222 1110 1288 trado&
1122 1242 1155 1290 rx

353 1347 445 1422 parte
462 1337 501 1398 ad
517 1355 618 1417 genus
635 1333 776 1409 notatio,
795 1330 833 1396 ἃ
848 1332 950 1398 unius
972 1335 1070 1401 verbi
1085 1335 1156 1400 ima·

353 1452 447 1536 gine,
475 1449 574 1511 totius
591 1442 759 1522 seutentiae
781 1445 1002 1525 informatio,
1035 1446 1156 1532 pistorio

356 1564 518 1645 cujusdam
535 1559 647 1622 summi
662 1557 830 1622 ratione&
842 1559 953 1634 modo,
978 1560 1156 1648 formarum

289 1690 344 1777 88
355 1676 510 1738 uarietate
524 1673 610 1737 locor
628 1670 860 1753 distinguentis.
903 1667 969 1735 Sed
987 1675 1156 1741 verborum

287 1797 338 1851 35⁹
354 1788 531 1862 memorio,
560 1804 632 1867 quae
652 1786 761 1849 minus
780 1783 824 1848 est
845 1784 941 1848 nobis
965 1787 1157 1864 necessaria,

352 1900 474 1984 majore
487 1899 660 1981 imaginum
672 1900 824 1963 varietate
833 1896 1058 1978 distinguitur.
1081 1902 1157 1968 mri-

351 2022 387 2079 ta
400 2013 483 2077 enim
500 2012 572 2075 sunt
587 2014 695 2087 verba,
712 2030 796 2094 quae,
813 2007 898 2092 quafi
913 2013 1064 2093 articuli,
1086 2035 1158 2080 oon·

351 2125 484 2193 nestunt
495 2126 638 2189 membra
652 2124 816 2200 orationis,
834 2142 907 2204 quae
921 2118 1063 2193 formari
1078 2126 1157 2193 fimi·
1198 2143 1200 2150 '

349 2241 487 2305 litudiue
499 2240 587 2302 nulla
598 2238 739 2319 possunt:
762 2257 871 2300 eorum
887 2234 1056 2317 fingendae
1068 2243 1156 2306 uobis

350 2353 422 2417 snut
438 2353 607 2431 imagines,
630 2352 747 2433 quibus
763 2348 885 2431 semper
901 2362 1053 2418 utamur.
1100 2355 1157 2419 Re·

351 2486 426 2530 rum
448 2466 602 2528 memoria
624 2466 748 2545 propria
766 2463 811 2527 est
827 2464 984 2526 oratoris:
1011 2487 1085 2530 earn
1101 2466 1157 2531 fin·

350 2581 433 2660 gulis
457 2577 595 2659 personis
618 2580 698 2640 bene
716 2573 821 2658 pofitis
841 2586 953 2638 notare
980 2577 1156 2657 postumus,

350 2705 387 2753 ut
403 2692 572 2753 sententiar
584 2690 787 2770 imaginibus,
806 2690 949 2752 ordinem
968 2689 1057 2756 locis
1070 2714 1157 2758 com·

284 2825 335 2889 3⁶0
351 2807 597 2886 prehendimus.
642 2797 755 2883 Neque
773 2822 883 2866 verum
907 2799 952 2865 est
963 2848 974 2877 ‚
1008 2811 1100 2887 quod
1118 2808 1156 2872 nb

349 2918 504 2981 inertibus
522 2916 653 2990 dicitur,
676 2915 811 2996 opprimi
830 2915 1021 2979 memoriam
1040 2918 1158 3003 imagi·

348 3051 426 3095 num
449 3034 606 3111 pondere,
629 3029 662 3094 dr
686 3028 844 3092 obscurari
865 3029 973 3090 etiam·
987 3030 1046 3108 id,
1071 3034 1157 3115 quod

348 3141 455 3228 perse
478 3154 591 3205 natura
612 3151 722 3206 tenere
748 3137 906 3222 potuisset.
963 3141 1046 3209 Vidi
1067 3148 1157 3211 enim

348 3278 410 3338 ego
429 3255 569 3318 summos
589 3257 752 3329 homines,
777 3253 809 3319 da
831 3254 938 3317 divina
961 3273 1068 3340 prope
1088 3281 1157 3325 me-

349 3369 462 3445 moria,
488 3369 620 3430 Athenis
635 3367 860 3442 Charmadam
883 3368 915 3430 in
937 3366 1027 3446 risso,
1057 3392 1157 3455 quem

347 3474 456 3543 vivere
480 3483 575 3543 hodie
598 3479 701 3561 ajunt,
725 3480 882 3558 Scepfium
908 3482 1156 3565 Metrodorum,

345 3608 482 3673 quorum
503 3603 654 3676 uterque,
677 3602 839 3676 tamquam
858 3594 977 3658 litteris
997 3597 1036 3662 in
1058 3621 1157 3679 cera,
