2725 4350
460 515 808 598 'LIBER-115
942 513 1052 616 ⁷219

251 710 291 777 dt
308 708 510 774 deformitate
518 708 655 790 quadam
664 706 860 771 continetur.
882 706 953 769 haec
966 706 1053 771 enirn
1128 735 1132 740 ·
1151 746 1155 754 ι

253 825 402 889 ridentur
419 822 471 887 vei
490 821 571 899 sola,
593 820 646 887 vel
669 819 830 897 maxime,
853 839 926 902 quae
941 826 1054 883 notant
1132 831 1134 836 ’

254 936 291 1001 &
313 933 475 1018 designant
493 934 726 1018 turpitudinem
743 934 882 1016 aliquam
902 952 966 997 non
985 942 1066 996 tur-s

255 1049 351 1133 piter,
394 1048 448 1113 Est
469 1056 599 1126 autem,
627 1054 666 1112 ut
685 1048 723 1110 ad
743 1048 822 1111 iliud
842 1045 974 1112 tertium
1000 1067 1056 1110 re·

256 1158 363 1239 niam,
386 1160 431 1226 est
450 1160 545 1244 plane
562 1161 698 1225 oratoris
719 1179 848 1223 movere
866 1160 981 1236 risom;
1004 1160 1056 1225 vei

252 1277 345 1359 ‚quod
356 1274 421 1358 ipsa
432 1274 576 1358 hilaritas
591 1274 840 1338 benivolentiam
853 1274 1003 1338 conciliat
1012 1274 1055 1350 ei,

256 1407 315 1473 per
331 1405 426 1471 quem
442 1372 581 1464 excitata
598 1387 643 1453 est
654 1407 666 1451 r·
689 1388 740 1453 vel
756 1389 841 1471 quod
859 1387 1066 1457 admirantur·

259 1519 541 1578 numennumen,
559 1522 628 1588 uno
648 1502 729 1585 saepe
743 1503 785 1565 in·
796 1504 893 1567 verbo
909 1499 1056 1584 potitum,

257 1614 398 1690 maxime
422 1613 664 1698 respondentia,
693 1633 933 1697 nonnumquam
957 1608 1066 1678 etiam¹

258 1709 457 1793 lacefl'entisa
486 1729 539 1794 vel
560 1730 645 1811 quod
674 1729 792 1811 frangit
822 1728 1055 1803 adversarium,

260 1843 348 1926 quod
367 1840 518 1924 impedit,
548 1843 634 1926 quod
654 1842 775 1920 elevat,
797 1844 885 1924 quod
901 1845 1058 1919 deterret·
1102 1895 1110 1926 ¹
1155 1916 1166 1927 ἱ

260 1954 345 2037 quod
360 1955 479 2019 refutat
487 1973 503 2017 t·
521 1954 573 2018 vel
581 1955 669 2036 quod
684 1934 783 2035 ipsum
799 1964 985 2029 oratorems
999 1960 1065 2035 po·-

259 2052 354 2133 litum
371 2066 433 2130 effe
450 2067 613 2130 hominem
635 2064 812 2149 fignificat,
840 2070 928 2151 quod
950 2068 1058 2131 erudi·

261 2188 349 2256 tum,
373 2181 457 2262 quod
476 2181 655 2259 urbanum,
682 2182 886 2274 maximeque
901 2184 985 2264 quod
1000 2181 1059 2244 tri·
1182 2226 1185 2233 -

262 2291 379 2358 stitiam
409 2309 446 2355 ac
473 2292 671 2358 severitatem
697 2295 842 2377 mitigat,
859 2294 898 2360 ‘dt
925 2297 1059 2370 relaxat,
1100 2324 1103 2328 ·

264 2404 447 2486 odiosasque
468 2422 520 2469 res
538 2406 637 2489 saepe,
659 2379 960 2491 quas'argumentia
980 2407 1059 2471 dilui

262 2540 328 2583 non
342 2518 436 2584 sacile
455 2517 517 2597 est,
537 2520 611 2602 joco
633 2520 761 2604 risuque
773 2521 923 2617 dissolvit.
968 2521 1058 2599 Qua·
1073 2550 1125 2608 237

265 2641 360 2696 tenue
381 2640 488 2697 autem
513 2632 573 2698 fint
588 2634 724 2701 ridicula
741 2635 906 2707 trat’taoda
924 2637 1059 2712 oratori,

265 2765 420 2828 perquam
441 2746 610 2830 diligenter
634 2749 805 2813 videndum
824 2748 890 2827 est,
919 2749 953 2812 id
972 2752 1060 2832 quod

264 2858 298 2923 in
322 2866 434 2939 quarto
454 2860 526 2923 loco
544 2862 710 2943 quaerendi
728 2862 941 2944 posueramus.
971 2862 1058 2926 Nam
1126 2874 1135 2890 “·

263 2990 323 3036 neo
336 2968 465 3053 infignie
480 2973 677 3055 improbitas,
695 2973 727 3038 dr
743 2975 858 3055 scelere
866 2956 988 3058 ju'ndia,
1001 2988 1071 3038 nee

265 3082 374 3147 rursus
390 3083 515 3147 miseria
530 3084 659 3170 insignis
676 3088 795 3170 agitata
814 3089 944 3152 ridetur.
980 3089 1061 3151 saci·

266 3193 396 3262 norosos
418 3196 538 3279 majore
560 3202 697 3282 quadam
717 3200 773 3278 vi,
796 3219 893 3283 quam
918 3185 1068 3279 ridic'ulia'
1178 3220 1181 3224 ’

265 3309 429 3374 vulnerari
445 3311 576 3376 volunt:
598 3314 728 3377 miseros
743 3314 834 3378 illudi
847 3315 980 3391 nolunt,
1003 3311 1061 3378 nisi
1089 3350 1091 3354 Α

267 3420 290 3485 si
304 3422 334 3486 se
347 3425 431 3489 forte
445 3423 575 3507 jattant.
600 3426 799 3496 Parcendum
813 3426 856 3492 est
870 3434 978 3492 autern
990 3447 1061 3491 ma·
1123 3451 1127 3456 ·

266 3533 355 3599 xime
378 3537 504 3605 caritati
525 3539 714 3620 hominum,
746 3562 786 3607 ne
808 3547 928 3607 temere
949 3542 982 3607 in
1005 3561 1061 3608 eor
