2725 4350
295 511 370 590 86
463 508 572 575 DE·
588 503 932 574 ORAToRu

296 687 396 753 etum
412 685 621 767 requirimus,
641 681 847 767 inprimisque
862 699 920 761 er,
934 701 1018 769 quae
1035 684 1106 752 vul·

246 819 252 832 ·
299 801 340 865 de
356 797 497 865 breviter
516 804 596 875 a·,te
628 793 752 873 Craffe,
784 797 825 861 de
847 797 913 880 ipia
935 805 1006 861 arte
1030 817 1104 881 per

299 912 391 978 cursu
404 911 495 986 sunt,
517 928 592 973 cum
610 909 665 972 illa
679 918 715 974 te
736 908 771 974 &
787 928 852 974 nen
871 918 1105 990 contemnere,

253 1015 256 1022 ¹
301 1025 338 1094 ἃ
354 1021 505 1098 didicisse
518 1021 721 1088 confiterere.
766 1022 814 1088 Ea
832 1020 855 1086 fi
881 1024 992 1105 paulic
1005 1025 1108 1090 latiur

301 1138 440 1215 dixeris,
461 1137 740 1221 expleriromnem
755 1134 1024 1222 exspeilatiouem
1033 1139 1106 1230 diu·

300 1252 393 1316 turni
406 1250 553 1316 defiderii
564 1250 672 1315 nostri.
740 1250 827 1316 Nam
846 1271 952 1328 nunc,
985 1252 1107 1337 quilius

299 1364 490 1432 studendum
515 1365 610 1429 rebus
638 1362 734 1441 esset,
774 1366 976 1449 accepimus,
998 1368 1106 1451 quod

227 1529 229 1534 -
298 1480 403 1566 ipsun
420 1477 465 1544 est
485 1486 595 1542 tamen
615 1485 790 1559 maguum,
822 1478 873 1543 sed
896 1480 966 1566 viae
991 1498 1111 1543 eurum

301 1614 412 1659 rerum
449 1591 670 1674 rationemque
702 1591 860 1673 cupimus
901 1592 1106 1674 cognosceres

236 1709 287 1779 666
304 1707 396 1784 Quid
412 1704 463 1788 fi,
481 1706 589 1789 inquit
603 1702 747 1781 Gratius,
770 1705 1017 1790 quoniumegu,
1041 1721 1107 1790 que

226 1855 232 1879 ι
300 1807 432 1889 facilius
447 1840 505 1884 voe
521 1820 606 1903 apud
619 1839 672 1883 me
687 1827 852 1896 tenerem,
875 1806 1109 1904 vellraeputiue

254 1975 257 1979 -
301 1934 552 2000 obsecutueium
568 1934 746 2011 voluntati,
776 1946 874 2017 quum
897 1942 954 1996 aut
972 1934 1106 1998 consue-

300 2050 426 2126 tudini,
449 2055 508 2111 aut
521 2056 645 2111 naturae
660 2067 764 2123 meae,
786 2048 927 2131 petimus
944 2047 984 2111 ab
999 2048 1107 2111 Anto-

231 2208 233 2214 ·
299 2164 376 2241 nio,
406 2170 444 2229 ut
465 2185 524 2240 ea,
553 2182 625 2245 quae
659 2151 840 2239 contiuet‚”
857 2182 964 2246 neque
996 2163 1108 2228 adhuc

299 2279 454 2363 protulit,
477 2297 518 2341 ex
531 2277 648 2360 quibus
663 2295 770 2359 unum,
778 2275 925 2341 libellum
937 2273 998 2341 fibi
1016 2278 1107 2349 exci-

299 2391 377 2456 diffe
395 2391 581 2474 jamdudum
596 2387 723 2472 questus
742 2380 802 2465 est,
833 2391 974 2472 explicet
992 2391 1108 2467 nobis,

301 2502 336 2569 ἀ
353 2505 409 2568 illa
433 2505 559 2568 dicendi
581 2501 733 2586 mysteria
750 2503 924 2566 enuntiet?
954 2502 998 2565 Ut
1013 2504 1107 2568 vide-

300 2625 372 2694 tur,
394 2617 499 2700 inquit
514 2614 689 2697 Sulpicius.
712 2615 796 2680 Nam
813 2615 951 2678 Antonio
961 2615 1105 2693 dicen

234 2753 299 2833 ⁸07
301 2751 320 2792 e
322 2730 401 2792 tiam
422 2731 499 2814 quid
525 2739 564 2792 tu
589 2729 724 2806 sentias,
747 2729 974 2825 intelligemus.
1020 2726 1107 2794 Peto

167 2922 169 2927 Ι
300 2842 416 2924 igitur,
438 2840 696 2926 inquitCrassus,
719 2863 751 2906 a
753 2852 798 2921 t,e
822 2843 974 2927 quoniam
992 2843 1026 2907 id
1044 2863 1105 2906 no·

223 2978 229 2997 i
266 2955 370 3033 bis,
400 2956 542 3041 Antuni,
570 2956 755 3020 hominibus
776 2957 809 3020 id
834 2957 961 3021 aetatis.
994 2959 1103 3022 onerie

264 3139 269 3144 .
300 3070 340 3149 ub
363 3069 479 3134 horum
499 3069 747 3133 adolescentium
770 3068 881 3133 studiis
905 3071 1104 3154 imponitur,

230 3223 241 3277 .'
298 3191 337 3248 ut
348 3201 509 3267 exponas,
541 3182 620 3266 quid
641 3184 682 3246 iis
713 3185 753 3246 de
777 3184 893 3260 rebus,
921 3202 1041 3266 quasa
1066 3193 1103 3248 te

231 3298 401 3398 48quaeri
424 3296 532 3372 vides,
559 3295 686 3360 sentias.
747 3296 989 3380 Deprehensum
1010 3298 1102 3381 equi·

296 3410 370 3478 dem
385 3431 455 3484 me,
477 3409 583 3492 inquit
597 3409 779 3485 Antonius,
816 3411 911 3493 plane
925 3410 1022 3474 video
1051 3421 1101 3474 at-

163 3544 169 3551 ··
183 3496 208 3613 1,
294 3542 359 3606 que
378 3523 495 3598 sentio,
525 3543 590 3587 666
606 3524 707 3587 solum
732 3525 817 3607 quod
840 3543 878 3587 ea
891 3524 1102 3606 requiruntur

167 3666 175 3701 z
208 3640 214 3649 ''
293 3647 394 3712 eme,
424 3654 562 3718 quorum
584 3636 654 3701 ium
666 3637 799 3722 ignarus
819 3646 918 3723 atque
934 3637 1100 3719 insolens-,-
