2725 4350
300 505 345 571 42
466 482 559 549 M
600 473 944 566 ORATORE
1030 534 1033 540 .

301 658 388 724 ficile
416 658 526 734 nobis,
557 653 726 741 quiante,
746 674 846 741 quam
863 657 906 723 ad.
923 654 1106 736 discendum

275 763 277 768 ’
302 770 428 855 ingredi
439 773 565 847 sumus,
587 771 757 852 obruimur
770 770 944 838 ambitione
963 767 998 835 dt
1013 772 1105 850 inem¹

256 904 290 960 95
304 885 343 954 fit
366 897 476 953 tamen
493 883 527 947 in
544 904 584 947 re
593 880 733 966 politum
751 892 847 967 atque
860 891 988 950 natura.
1019 885 1103 968 Ego.

301 1003 402 1077 enim,
423 1006 582 1081 quantum
596 1016 737 1078 auguror
754 995 952 1083 conjeuum
967 977 1103 1087 quanta·

301 1136 367 1201 que
379 1112 507 1193 ingenia
526 1110 561 1177 iu
571 1091 685 1179 nestris
708 1097 890 1178 hominibus
904 1108 967 1202 effe
988 1112 1104 1188 video,

240 1261 243 1268 ·
298 1249 364 1292 non
384 1226 536 1308 despero,
561 1225 632 1289 fore
655 1225 798 1312 aliquem
820 1225 1017 1307 aliquandu,'
1047 1227 1100 1308 qui

298 1338 457 1405 &studio
479 1337 623 1430 actione,
638 1356 743 1419 ¹quam
764 1359 824 1402 nos
843 1338 973 1415 sumus„
1000 1347 1101 1421 atque

294 1454 438 1527 fuimus,
461 1450 496 1516 dc
515 1452 581 1538 odio
598 1470 637 1513 ae
652 1451 808 1521 facultate
823 1451 963 1519 discendi
976 1454 1100 1537 majore.

297 1566 547 1641 demutatione,
578 1562 612 1629 ἃ
631 1564 742 1632 labore
764 1574 865 1646 atque
878 1556 1099 1634 industrinsu·

296 1680 437 1764 petione,
468 1697 543 1744 cum
564 1677 595 1742 se
611 1678 652 1745 ad
666 1678 881 1753 audiendum,
911 1678 1094 1760 legendum,

294 1792 557 1879 scribendumque
570 1785 746 1868 dediderit,
766 1789 960 1855 existattalis
975 1769 1096 1870 ortior,

287 1905 425 1991 qualem
436 1906 629 1990 quaerimus:
651 1905 709 1992 qui
718 1904 791 1987 iure
802 1923 867 1970 non
884 1904 988 1972 sulum
1002 1907 1098 1974 diser·

295 2026 372 2099 tus,
400 2019 566 2085 sedetiam
586 2019 745 2101 elequens
757 2018 820 2091 dici
834 2015 945 2100 poffite
975 2020 1034 2101 qui
1047 2029 1096 2086 tu·

294 2153 390 2209 men,
411 2133 666 2209 measententia,
687 2139 745 2199 aut
755 2133 809 2197 hic
826 2131 871 2198 est
882 2131 949 2215 jam
958 2132 1098 2211 Graiium,

295 2258 363 2327 aut,
374 2247 397 2311 n
408 2248 480 2331 quis
492 2247 819 2329 pari'fueritingenio‚
834 2247 993 2329 pluraque
1001 2267 1096 2329 quam

286 2363 366 2434 hic.
391 2348 432 2428 ¹&
446 2361 602 2436 audierit,
628 2359 665 2426 ἀ
683 2359 853 2435 lediitarit,
881 2357 915 2426 δι
931 2360 1098 2447 scripserit,

254 2507 256 2515 ·
285 2475 441 2562 xpaullum
454 2473 531 2536 huic
545 2475 663 2556 aliquid
681 2474 799 2557 poterit
812 2474 944 2537 addere.

248 2610 282 2673 9⁶
359 2586 513 2653 Hocloco
530 2584 710 2669 Sulpicius,
732 2585 908 2671 Insperanti
921 2584 1019 2659 mihi,
1043 2586 1097 2651 in-

293 2700 380 2782 quit,
411 2699 445 2765 &
464 2699 590 2779 Cottae,
620 2702 672 2765 sed
696 2702 786 2764 vaide
813 2696 938 2781 optanti
959 2698 1093 2783 utrique

289 2811 450 2895 nestrum,
481 2814 618 2889 decidit,
654 2822 691 2876 ut
715 2814 749 2877 in
773 2811 866 2877 istum
891 2810 1071 2876 sermonem
1082 2808 1099 2888 ,'

290 2925 417 3002 Crasse,
439 2926 677 2992 delaberemini.
723 2925 825 2991 Nobis
846 2926 933 2990 enim
955 2926 1018 2988 huc
1038 2949 1093 2991 ve·

289 3040 451 3107 aientibus
466 3039 642 3136 jucundum
660 3039 734 3103 fatis
755 3043 827 3104 fore
838 3039 1023 3115 videbatur,
1045 3037 1090 3117 fi,

285 3174 365 3221 cum
386 3173 444 3220 vos
464 3154 504 3218 de
519 3154 615 3219 rebus
630 3153 703 3218 aliis
717 3153 950 3237 loqueremini,
973 3161 1090 3218 'tamen

290 3287 350 3335 nos
387 3267 508 3349 aliquid
544 3289 584 3331 ex
623 3266 766 3332 sermone
803 3267 904 3331 vestro
935 3268 1088 3331 memoria

289 3381 421 3463 dignum
442 3381 589 3463 excipere
599 3380 778 3463 poflfemus3
801 3392 847 3444 -ut
866 3401 941 3446 vero
962 3381 1089 3462 penitus

172 3544 185 3577 ·.
217 3486 224 3495 ’
288 3489 323 3558 id
340 3513 412 3564 eam
422 3495 521 3577 ipsam
536 3495 636 3556 totius
649 3494 744 3575 hujus
762 3495 814 3558 vel
827 3494 937 3567 studii,
960 3494 1021 3558 .vel
1039 3512 1089 3554 nr·

174 3650 176 3657 ·
287 3605 400 3683 bifidi,
437 3609 488 3674 vei
514 3608 678 3673 facultatis
712 3608 959 3692 disputationem
998 3626 1089 3693 paene
