2725 4350
341 525 409 591 114
488 498 591 571 'DE
634 496 978 572 ORATORE

346 681 459 769 queis
479 676 649 746 ooufistena
670 680 705 744 in
723 679 816 758 loco,
853 681 907 746 sed
927 675 1151 762 inambulans,

279 795 333 857 2⁶2
346 807 446 881 atque
461 792 610 859 adscensu
622 792 804 875 ingrediens
817 796 928 866 arduo.
974 787 1071 860 Hisce
1087 787 1163 879 ego

346 906 636 982 cohortationibus,
652 903 769 983 Crasse,
786 909 828 973 ad
841 906 979 974 studium
995 903 1030 974 δε
1048 912 1090 973 ad
1104 910 1153 973 la-

348 1026 462 1093 borem
474 1019 655 1086 incitandae
667 1018 801 1104 juvenes
824 1022 1033 1087 vehementer
1049 1021 1154 1086 asseu-

349 1139 435 1203 tior:
456 1141 581 1211 cetera,
608 1149 685 1216 quae
703 1127 857 1219 collegisti
875 1156 916 1199 ex
930 1129 1028 1199 variis
1050 1134 1086 1199 bt
1104 1137 1155 1202 di-

348 1248 447 1320 versit
460 1247 573 1314 studio
588 1246 623 1313 ἂ
635 1246 906 1323 artibua,·tamets1
916 1247 980 1332 ipse
995 1264 1031 1313 es
1045 1251 1157 1313 omnia

349 1365 553 1452 oonsecutus,
569 1368 679 1425 tamen
693 1362 734 1428 ab
748 1356 885 1426 oratoris
903 1361 1031 1445 proptio
1044 1357 1155 1427 officio

349 1492 447 1563 atque
464 1491 598 1540 munere
612 1469 755 1558 sejuntta
770 1475 831 1540 esse
844 1476 995 1541 arbitror.

284 1577 340 1665 62
417 1589 499 1657 Haec
526 1610 600 1655 curn
617 1583 780 1654 Antonius
803 1580 945 1666 dixisset,
967 1580 1041 1654 lane
1059 1584 1157 1655 dubi·

351 1713 421 1770 tare
449 1705 534 1771 visus
556 1701 601 1767 est
622 1698 803 1786 Sulpicius,
843 1702 878 1767 oa
902 1701 1018 1779 Cotta,
1047 1703 1156 1769 utrius

352 1819 455 1884 oratio
480 1815 613 1902 propius
635 1820 676 1883 ad
695 1820 865 1883 veritatem
887 1813 1052 1881 videretur
1066 1833 1159 1882 aore-

283 1927 335 1993 263
353 1937 439 1999 dere.
471 1931 557 1998 Turn
576 1929 721 1998 Crassust
748 1924 932 2015 operarium
947 1928 1040 1995 nobis
1055 1951 1158 2015 queu-

353 2046 444 2123 dam,
468 2039 609 2123 Antoni,
639 2052 799 2109 oratorem
820 2045 918 2123 sacis,
949 2018 1047 2128 atque
1069 2040 1156 2109 hand

351 2160 434 2237 scio,
459 2183 499 2224 an
516 2162 609 2226 aliter
627 2159 762 2237 sentias,
786 2155 820 2224 δι
835 2168 929 2225 utare
946 2166 1002 2224 tua
1020 2154 1075 2222 illa
1097 2159 1160 2222 mi·

355 2253 446 2341 rifica
462 2277 501 2339 ad
520 2269 729 2339 refellendum
742 2272 992 2350 consuetudine,
1010 2292 1082 2356 ,qua
1099 2268 1158 2337 tibi

271 2416 274 2425 =
354 2410 449 2452 nemo
477 2403 631 2471 umquam
648 2383 811 2470 praestitit:
850 2387 943 2470 cujus
961 2388 1092 2471 quidem
1111 2382 1161 2471 ip·

353 2500 416 2564 fius
432 2496 595 2564 facultatis
616 2496 825 2575 exercitatio,
849 2511 1013 2565 oratorum
1028 2504 1161 2582 propria

355 2614 415 2690 oli,
439 2615 490 2677 sed
508 2615 572 2696 jam
590 2615 623 2676 in
646 2615 904 2697 philosophorum
925 2607 1162 2678 consuetudine

258 2793 267 2806 ⁴
355 2729 514 2803 versatur,
538 2727 745 2809 maximeque
766 2744 900 2804 eorum,
929 2724 1044 2808 quide
1067 2726 1162 2792 omni

356 2859 392 2904 re
412 2837 570 2924 proposita
592 2842 626 2903 in
652 2850 825 2923 utramque
843 2841 1087 2921 partem'soleut
1107 2862 1163 2905 co·

184 2970 186 2975 '
287 2967 340 3034 2⁶4
357 2947 521 3038 piofisfime
539 2954 657 3019 dicere.
703 2952 827 3020 Verum
838 2976 897 3036 ego
915 2951 1092 3018 nunsolum
1109 2974 1163 3018 ar·

356 3071 519 3141 bitrabar,
547 3070 599 3132 his
623 3069 795 3151 prasertim
816 3069 1038 3144 audientibus,
1072 3089 1162 3131 ame

356 3181 522 3246 informari
539 3191 704 3263 oportere,
727 3184 833 3263 qualis
849 3183 911 3247 ell'e
926 3182 1026 3266 pulset
1041 3184 1081 3258 is,
1104 3182 1163 3263 qui

357 3296 519 3360 habitaret
533 3296 564 3357 in
579 3293 749 3372 subselliis,
773 3317 879 3379 neque
902 3298 1077 3380 quidquam
1094 3314 1165 3358 am·

356 3410 442 3489 plius
465 3404 609 3485 afferret,
634 3428 731 3491 quarn
747 3412 833 3490 quud
852 3411 1014 3472 causarum
1033 3406 1166 3472 necessr-

356 3535 407 3584 tas
421 3521 611 3603 pullularet:
644 3522 696 3585 sed
713 3521 814 3601 majus
830 3524 979 3605 quiddam
996 3525 1165 3597 videbam,

254 3676 262 3690 r
356 3634 615 3703 cumcunsebam.
632 3652 804 3708 oratorem,
826 3637 998 3718 prasertim
1017 3636 1166 3698 innostra
