2725 4350
330 483 375 552 tia
502 474 584 548 DE
622 475 964 555 ORATORE

332 670 856 736 ntcsnoo‚rac1ca1ms
888 676 1135 744 consequa.

331 771 550 846 Quamobrem
569 771 603 836 in
631 770 698 838 istis
727 772 801 858 ipfis
826 779 1134 861 exercitationibus,

328 883 387 950 ent
404 869 560 962 uttreest,
583 886 682 950 etiam
701 885 803 953 subito
823 888 905 972 saepe
928 883 1058 972 atcere,
1079 903 1133 960 ta-

274 1046 278 1054 .
329 1014 404 1063 men
420 998 499 1064 illud
516 997 646 1076 utilius,
679 1000 783 1065 sumto
809 996 906 1085 spatio
921 1006 964 1080 ad
983 1007 1132 1089 cogitata-¹

329 1114 426 1187 dum,
447 1112 590 1194 paratius
605 1120 704 1195 atque
721 1107 901 1179 accuratius
917 1116 1035 1183 dicere.
1069 1119 1134 1187 ea·

327 1233 387 1329 out
398 1231 508 1294 autem
520 1222 583 1303 est,
606 1225 692 1308 quod
706 1229 758 1305 (ut
770 1242 845 1292 vere
860 1221 981 1310 dicam)
993 1195 1130 1300 minim:

322 1338 484 1404 facimus:
506 1336 552 1402 est
568 1339 653 1403 enim
668 1341 776 1425 magni
790 1340 928 1418 laboris,
948 1363 1047 1427 quem
1058 1348 1129 1430 ple-

325 1451 419 1535 rique
444 1442 603 1533 sugimus:
647 1471 744 1536 quam
773 1453 949 1556 glutimum
974 1453 1128 1525 scribere.

326 1578 493 1631 sarnus
515 1581 742 1642 ornamus,
772 1587 825 1630 sc
854 1580 1126 1635 saansaan·

324 1698 768 1743 r1sS1nuso1csno1
799 1692 1042 1746 ntrncroa
1065 1699 1123 1747 ac

313 1771 534 1858 ¹suracusas
545 1811 590 1856 a:
616 1810 722 1874 neque
737 1788 866 1874 injuria.
910 1792 1034 1860 Namsr
1050 1796 1124 1860 sub·

321 1905 403 1978 itam
416 1904 633 1972 &fortuitam
650 1897 829 1982 orationem
840 1908 1071 1998 commentatio
1086 1905 1121 1973 dt

250 2059 254 2068 ι
324 2019 476 2102 cogitatio
491 2015 586 2083 facile
602 2018 723 2096 vincit3
751 2020 835 2083 hanc
858 1996 958 2103 ipsam
976 2016 1119 2103 profesto

258 2129 307 2192 151
326 2125 629 2215 affiduaacdiligens
640 2132 795 2216 scriptura
805 2132 975 2217 superabit.
999 2134 1123 2199 Omnes

322 2249 425 2326 enim,
457 2244 521 2312 sive
539 2247 617 2310 artis
641 2246 714 2309 sunt
729 2246 808 2323 loci,
839 2245 903 2311 five
919 2244 1042 2329 ingenii
1062 2268 1121 2311 cu·

318 2360 440 2445 jusdam
469 2368 567 2443 atque
591 2357 769 2444 prudentiae
780 2406 790 2436 ,
826 2360 882 2444 qui
901 2362 996 2424 modo
1013 2360 1123 2423 insunt

320 2476 408 2539 inea
424 2494 477 2551 re,
512 2474 552 2537 de
573 2493 636 2556 qua
658 2473 841 2549 scribimus,
878 2473 1122 2554 anquirentibus

319 2581 430 2664 nobis,
461 2583 612 2669 omnique
635 2584 705 2650 acie
730 2586 851 2667 ingenii
871 2584 1120 2666 contemplanti-

317 2699 377 2764 bus
403 2696 570 2763 ostendunt
591 2695 622 2764 se
646 2696 681 2764 ἂ
704 2706 897 2763 occurrunt:
937 2714 1121 2781 omnesque

315 2810 498 2889 sententiae,
520 2814 681 2895 verbaque
697 2812 815 2888 omnia,
840 2828 912 2896 quae
927 2810 1121 2892 suntcujus-

316 2944 379 3011 que
395 2926 522 3009 generis
545 2927 685 2992 maxime
706 2924 860 3002 illustria,
897 2923 952 2990 sub
979 2939 1117 2988 acumen

314 3040 378 3104 iiili
403 3040 533 3106 subeant
563 3037 597 3105 δι
620 3040 788 3106 succedant
806 3036 928 3103 necesse
947 3022 1011 3100 est:
1046 3047 1116 3100 tum

315 3153 383 3237 ipsa
414 3147 583 3219 collocatio
623 3152 899 3234 conformatioque
944 3150 1118 3215 verborum

314 3263 481 3351 perficitur
502 3267 539 3329 in
567 3265 748 3340 scribendo,
787 3282 851 3328 non
879 3262 1024 3346 poetico,
1064 3262 1116 3327 sed

248 3388 300 3450 152
316 3383 453 3463 quodam
468 3378 607 3443 oratorio
624 3396 758 3442 numero
770 3375 919 3443 &moda
941 3375 1115 3450 Haecsunt,

314 3513 388 3574 quae
405 3494 561 3557 clamores
580 3489 615 3555 &
636 3490 862 3554 admirationes
878 3489 911 3552 in
930 3490 1024 3553 bonis
1043 3507 1117 3551 ora·

315 3607 439 3671 toribus
462 3603 628 3682 efficiunt,
658 3622 763 3687 neque
786 3621 823 3666 eu
849 3600 1038 3686 quisquam,
1061 3597 1118 3666 m'fi
