2725 4350
360 528 403 596 ει
532 507 997 608 ouruvuuruouu

359 690 515 756 virtutem
534 687 675 762 babeat,
706 706 781 756 euru
800 685 921 770 nullior
946 687 994 749 rei
1020 689 1063 752 acl
1082 689 1164 755 bene

361 804 536 870 vivendum
557 799 719 880 indigere,
750 809 844 880 neget
865 798 972 882 postea
993 798 1060 864 line
1078 804 1179 871 bona,

361 914 545 982 valetudine
559 911 643 995 polle
659 912 741 974 bene
763 911 887 974 vivere:
910 918 981 990 aut,
1006 915 1037 977 se
1056 917 1162 979 amico

361 1026 465 1094 adesse
484 1036 613 1109 propter
634 1023 903 1102 benivolentiam
926 1024 1050 1109 sperare
1072 1030 1161 1093 enim

317 1146 352 1207 vt
363 1142 483 1224 aliquid
508 1138 668 1202 commodi
689 1139 730 1201 ad
751 1136 783 1201 se
806 1146 1048 1221 perventurum.
1092 1143 1162 1206 Ad-

361 1256 488 1323 versum
504 1251 567 1329 eli,
589 1254 674 1335 quod
689 1248 746 1334 ipfi
765 1250 866 1313 causae
885 1252 994 1335 aliqua
1011 1273 1052 1317 err
1068 1262 1162 1338 parte
1186 1311 1190 1316 .

361 1366 479 1433 officit:
503 1373 540 1429 ut
553 1363 574 1427 fi
589 1365 662 1447 quis
673 1363 810 1429 hostium
826 1364 911 1441 vim,
934 1364 968 1428 δι
983 1366 1103 1449 copias,
1125 1367 1161 1432 ἀ

360 1482 550 1547 felicitatem
565 1484 697 1559 augeat,
720 1497 794 1584 cupr
817 1479 856 1539 ad
872 1481 1082 1561 pugnandum
1098 1480 1160 1544 mi·

360 1597 435 1663 lites
454 1592 660 1657 adhorteturz
682 1589 786 1652 finon
798 1592 837 1653 ad
851 1591 894 1667 id,
917 1593 1005 1673 quod
1020 1591 1158 1657 institui·

361 1715 434 1784 tur,
457 1703 750 1769 accommodabitur
768 1702 876 1785 aliqua
896 1723 969 1787 parc
988 1723 1159 1788 argumen-

360 1819 503 1896 tationis,
524 1816 640 1881 horum
656 1817 763 1899 aliquo
775 1815 810 1878 in
823 1816 902 1880 vitio
915 1818 1116 1899 reperietur:
1137 1817 1162 1883 fi

360 1937 454 2019 plura
469 1929 630 2015 pollicitus
649 1924 805 2012 pauciora
823 1930 1071 2010 demonstrabit3
1095 1939 1163 2009 aut,

359 2046 402 2125 fi,
425 2050 621 2109 cunctotum
644 2043 771 2107 debebit
791 2041 975 2120 ostendere,
1005 2044 1164 2125 depacto

360 2159 469 2244 aliqua
485 2158 658 2241 loquatur,
680 2155 742 2219 hoc
761 2156 878 2220 modo:
909 2154 1089 2253 Mulierum
1104 2181 1164 2244 ge·

359 2294 422 2338 nur
439 2291 569 2337 avarum
586 2269 645 2349 est3
668 2288 744 2333 nam
759 2270 917 2353 Eriphyle
933 2288 1012 2334 auro
1030 2273 1095 2337 viri
1112 2274 1163 2339 vi·

360 2397 426 2452 tam
442 2385 600 2451 vendidit:
618 2392 687 2460 aut,
709 2381 732 2445 fi
749 2403 811 2445 non
826 2384 875 2459 id,
898 2385 983 2467 quod
997 2385 1162 2449 accusabi-

358 2500 423 2574 tur,
446 2499 612 2562 defendet:
634 2504 686 2572 ut,
710 2494 837 2576 fiqnlr,
855 2508 938 2560 'cum
952 2496 1088 2561 ambitus
1101 2489 1159 2559 ac-

360 2611 535 2686 cusabitur,
558 2628 655 2672 manu
674 2608 701 2671 se
719 2609 834 2671 fortem
853 2607 915 2674 effe
932 2608 1097 2674 deleniat:
1119 2616 1160 2672 ut

360 2722 523 2805 Amphion
539 2722 623 2804 apud
640 2721 843 2802 Euripidem,
866 2723 945 2787 item
958 2722 1043 2806 apud
1057 2722 1162 2787 Pacu·

360 2835 469 2912 vium,
497 2832 570 2917 qui,
601 2814 778 2917 vituperata
802 2832 943 2912 musica,
971 2826 1160 2919 sapientiam

356 2951 482 3014 laudat:
504 2954 561 3011 aut
576 2944 600 3010 fi
620 2967 671 3013 res
686 2967 726 3012 ex
743 2948 882 3012 bominis
899 2949 978 3019 vitio
994 2948 1162 3033 vitupera·

357 3064 458 3139 bitur,
478 3068 528 3139 ut,
550 3059 658 3145 liquis
671 3057 849 3125 dostrinam
864 3083 905 3125 ex
915 3060 1056 3141 alicujus
1069 3058 1159 3127 dour

358 3176 445 3241 vitiis
453 3174 682 3257 reprehendat:
707 3182 774 3249 aut,
797 3172 1001 3258 fiquia‚cum
1014 3175 1157 3258 aliquem

358 3289 446 3356 volet
458 3289 607 3366 laudare,
629 3290 668 3352 de
682 3288 835 3352 felicitate
847 3287 933 3370 ejus,
955 3308 1022 3352 uon
1039 3289 1081 3352 de
1094 3287 1159 3352 vir·

250 3464 252 3469 .
357 3408 428 3465 tute
439 3399 544 3464 dicat:
568 3409 642 3478 aut,
665 3399 688 3464 fi
702 3400 852 3483 quierem
868 3420 942 3465 cum
958 3402 1054 3465 reita
1067 3420 1157 3463 cour·

355 3514 502 3597 parabit,
536 3520 573 3576 ut
594 3515 728 3578 alterurn
754 3515 784 3578 se
805 3535 870 3578 uon
891 3521 986 3599 putet
1005 3514 1156 3589 laudare,

355 3623 413 3690 rifi
435 3625 571 3693 alteram
590 3626 800 3711 uituperarit:
832 3635 890 3694 aut
910 3624 936 3691 li
954 3627 1093 3694 alteram
1110 3626 1156 3690 ita
1194 3710 1197 3717 Ι
