2725 4350
393 500 414 592 j
461 495 751 572 munna
824 535 828 544 2
942 449 1007 585 103

209 673 335 764 paterni
348 670 434 757 'juris
454 673 626 750 defensor,
654 671 690 739 &
711 661 798 768 quafi
821 662 1007 755 patrimonii
1089 745 1092 747 v

207 776 430 879 propugnator
445 785 510 863 sui,
544 785 623 870 quid
650 785 685 849 in
707 774 765 850 illa
781 784 893 865 causa,
930 804 1019 878 cum.

213 911 328 967 contra
348 907 381 963 te
399 898 536 976 diceret,
555 899 681 976 attulit,
713 900 800 986 quod
816 898 856 962 de
874 896 944 980 iure
959 897 1022 961 ci·.

212 1016 272 1081 vili
284 1015 509 1097 depromptum
522 1009 714 1076 videretur?
734 1027 831 1094 quam
844 1011 1009 1093 legemre·
1121 1011 1124 1016 ’
1177 1098 1181 1106 .

214 1125 349 1192 citavit?
371 1124 448 1209 quid
459 1107 613 1206 patefecit
627 1123 781 1199 dicendo,
803 1126 888 1206 quod
901 1119 1009 1191 fuiffet

212 1237 372 1324 imperitis
388 1235 572 1315 occultius?
584 1235 710 1320 Nempe
716 1234 784 1318 ejus
791 1236 1008 1302 omnisoratio
1022 1250 1026 1263 ·
1086 1241 1109 1322 J

215 1353 339 1419 versata
351 1349 395 1416 est
411 1350 512 1425 ineo,
541 1338 578 1413 ut
598 1349 748 1433 scriptum
763 1348 938 1431 plurimum
952 1369 1010 1416 va·
1085 1417 1093 1432 ,

213 1467 284 1531 lere
299 1470 447 1548 oportere
464 1464 661 1528 defenderet.
706 1461 800 1527 Atio
817 1463 880 1525 hoc
894 1478 1011 1545 genere

215 1577 310 1662 pueri
322 1578 405 1661 apud
418 1575 583 1659 magistros
594 1583 784 1641 exercentur
800 1592 923 1667 omnes,
936 1596 1011 1639 cum
1086 1556 1093 1561 ⁷

213 1691 252 1755 iu
265 1689 416 1774 ejusmodi
430 1687 531 1752 caufis
542 1667 620 1752 alias
632 1689 793 1771 scriptum,
813 1688 894 1753 alias
911 1690 1032 1781 aequi-¹

217 1811 323 1868 tatem
341 1802 509 1865 defendere
523 1803 688 1865 docentur.
732 1798 775 1864 Et
793 1803 887 1890 eredo
904 1802 939 1865 in
955 1802 1012 1868 illa
1026 1782 1080 1885 243

175 1977 178 1990 ,
217 1916 333 1985 militis
344 1914 453 1988 causa,
485 1895 565 1977 situ
583 1916 638 1976 aut
657 1914 825 1989 heredem,
856 1908 1015 1980 aut‘mili-

219 2036 288 2096 tem
306 2024 492 2092 defendilles
502 2070 514 2104 ,
527 2028 576 2089 -ad
593 2025 793 2090 Hostilianas
803 2033 837 2091 te
851 2023 1013 2105 ustiones,
1133 2013 1150 2096 Δ,

219 2160 287 2212 nou
309 2140 348 2204 ad
369 2147 460 2202 tuam
486 2138 551 2204 vim
577 2136 612 2204 dr
633 2138 807 2203 oratoriam
827 2138 1016 2207 facultatem

222 2251 416 2316 contulisses.
466 2251 522 2316 Tu
546 2273 644 2328 vero,
672 2252 723 2316 vel
746 2247 770 2313 sr
790 2249 1015 2318 testamentum

222 2366 425 2439 defenderes,
446 2362 488 2428 fic
503 2382 630 2446 ageres,
651 2373 689 2427 ut
703 2383 798 2428 onmo
814 2364 958 2430 omnium
966 2378 1016 2430 te·
1067 2444 1077 2454 .

223 2479 451 2544 stamentorum
463 2475 514 2559 jus
528 2468 562 2540 1‘n
576 2498 616 2540 eo
639 2476 760 2560 judicio
773 2475 912 2561 politum
929 2479 1018 2545 vide·
1126 2472 1129 2473 ⁷

224 2601 332 2668 retur;
356 2588 442 2656 velli
456 2590 582 2654 caulam
597 2609 708 2673 ageres
732 2573 861 2669 militis,
893 2601 1018 2674 patrem

226 2705 311 2787 ejus,
333 2714 370 2767 ut
384 2704 480 2782 foles,
502 2703 637 2768 dicendo
653 2703 819 2768 amortuis
834 2699 1018 2790 excitall'ea':

226 2815 379 2882 liutulfses
387 2825 461 2880 ante
472 2818 600 2881 oculos:
623 2819 806 2901 complexus
814 2816 1020 2900 effetfiliurn,

226 2930 367 3011 flensque
406 2949 489 2998 eum,
520 2929 726 2994 centumviris
756 2931 1000 2998 commendasset
1008 2949 1023 2997 ε’
1076 3004 1080 3015 .

226 3043 348 3125 lapides
369 3042 550 3107 mehercule
574 3062 685 3106 omnes
705 3040 783 3106 flere
800 3063 838 3106 ac
853 3043 1023 3130 lamentari

228 3153 392 3236 co'e'giffet,
424 3163 460 3218 ut
474 3162 577 3218 totum
600 3155 697 3233 illud,
726 3175 809 3220 ‘urs
840 3176 1023 3223 munna

229 3287 577 3346 nuncupassnr,
619 3288 684 3333 non
710 3265 743 3332 in
772 3267 853 3336 xn.
886 3269 1023 3350 tabulis,

231 3401 311 3464 quas
331 3390 368 3445 tu
387 3382 533 3445 omnibus
555 3382 756 3451 bibliothecis
771 3385 950 3467 anteponis3
964 3384 1026 3457 ,sed

228 3495 265 3561 in
277 3493 415 3578 magistri
434 3495 574 3560 carmine
587 3494 738 3580 scripturn
752 3493 927 3564 videretur.

676 3606 854 3692 „Ge
