2725 4350
358 507 426 574 ado
523 500 604 567 Du
645 497 993 577 ORATORE

300 723 311 741 .,
358 695 501 764 pugnare
520 674 602 757 saepe
615 676 699 739 iuter
717 659 750 737 ie
769 674 940 751 videntur,
964 676 1027 759 qui
1040 677 1156 748 utilita-

358 801 425 855 tem
446 789 606 863 defendit,
637 786 846 851 enumerabit·
859 791 1037 880 commoda
1059 792 1158 875 patio,

358 923 469 987 opum,
483 900 648 983 potentiae,
664 898 820 980 pecuniae,
841 898 1067 983 veiiigulium,
1083 924 1154 987 pra·

358 1015 427 1080 lidii
449 1015 605 1089 militum,
629 1010 812 1095 [utilitates]
835 1020 1021 1080 ceterarum
1047 1035 1156 1093 rerum,

358 1148 497 1213 quarum
512 1124 657 1190 trullum
670 1123 810 1188 utilitate
828 1127 994 1205 metimur,
1019 1128 1169 1213 itemque.

357 1242 561 1305 incommoda
582 1233 825 1301 contrariorum.
870 1237 937 1312 Qui
958 1241 1001 1303 ad
1024 1242 1157 1325 diguita-

283 1395 288 1401 ·
358 1362 423 1421 tem
437 1351 590 1434 impellit,
614 1349 771 1430 majorum
787 1351 932 1433 exempla
939 1396 950 1429 ,
975 1373 1056 1435 quae
1072 1361 1156 1420 erunt

358 1468 411 1533 vel
428 1487 501 1529 cum
515 1462 656 1545 periculo
675 1462 829 1544 gloriosa,
852 1462 1007 1545 colliget;
1032 1467 1157 1550 posteri.

249 1639 252 1644 .
357 1582 433 1643 tatis
454 1576 667 1639 immortalem
688 1576 875 1639 memoriam
893 1578 1052 1660 augebit3
1076 1580 1155 1645 utili·

357 1701 455 1755 tatem
478 1711 516 1752 ex
537 1690 635 1751 laude
659 1687 744 1751 nasci
772 1665 945 1765 defendet,
973 1688 1154 1777 semperque

288 1814 339 1891 ³3⁶
357 1824 428 1869 eum
452 1822 526 1865 cum
547 1801 702 1888 dignitate
726 1798 788 1865 esse
812 1799 1033 1881 conjuustam.
1100 1803 1174 1871 Sed.

211 1977 217 1989 ,
358 1917 432 2000 quid
449 1914 519 1979 fieri
534 1912 722 2006 posfit,·aut
740 1932 804 1975 non
822 1912 931 1995 pollii,
957 1902 1157 2002 quidquia.

354 2033 420 2095 iam
436 2028 473 2093 fit
494 2026 638 2105 necesse,
663 2036 802 2091 autnon
826 2024 880 2102 fit,
904 2027 940 2091 iu
963 2038 1108 2116 utraque
1127 2052 1157 2097 re

355 2145 494 2207 maxime
519 2141 563 2207 est
595 2141 815 2223 quaerendum.
880 2141 1049 2210 Inciditur
1078 2147 1154 2211 euim

355 2258 457 2320 omnis
470 2256 534 2337 jam
551 2254 750 2325 deliberatio,
760 2251 986 2338 fiintelligitur
999 2258 1154 2343 nonpoiie

291 2411 295 2417 ·
354 2371 442 2446 fieri,
466 2379 522 2432 aut
540 2365 560 2429 fi
579 2363 740 2429 ueceffitas
754 2363 904 2430 affertur:
928 2367 964 2431 dr
986 2373 1045 2452 qui
1060 2373 1093 2436 id
1106 2376 1156 2438 do„

353 2485 421 2547 cuit
432 2530 442 2560 ,
466 2503 530 2546 uon
549 2481 732 2544 videntibus
754 2480 845 2552 aliis,
869 2480 896 2541 is
914 2482 1099 2562 plurimum
1115 2486 1155 2551 vi.

286 2607 335 2662 337
354 2599 411 2660 dit.
456 2597 507 2659 Ad
527 2592 690 2656 confilium
712 2601 817 2654 autem
836 2595 874 2655 do
895 2598 1066 2675 republica
1085 2601 1153 2662 dau·
1196 2586 1198 2627 ³

274 2714 276 2726 ¹
353 2713 447 2782 dum,
471 2718 565 2788 caput
584 2706 645 2777 est,
670 2704 755 2767 nosie
772 2706 1026 2787 rempublicam
1052 2713 1092 2775 ad
1109 2711 1153 2773 di.

352 2810 582 2886 cendumvero
596 2818 820 2900 probabiliter,
843 2817 928 2880 noll'e
948 2841 1064 2889 mores
1083 2824 1153 2890 civi·
1196 2824 1198 2831 '

253 3001 256 3011 ,
352 2935 447 2998 tatis:
471 2934 525 3018 qui
540 2933 612 3015 quia
628 2933 738 2994 crebro
753 2940 929 3005 mutantur,
954 2955 1063 3014 genus
1079 2958 1151 3022 quo·

353 3068 418 3130 que
434 3046 587 3109 orationis
600 3044 643 3107 est
658 3046 739 3123 saepe
754 3048 955 3124 mutandum.
987 3049 1033 3111 Et
1049 3035 1153 3133 qm.

352 3180 456 3244 quam·
474 3178 537 3221 una
560 3159 627 3221 fere
650 3159 697 3220 vis
720 3155 764 3219 est
793 3158 987 3237 eloquentiae
1009 3207 1021 3238 ,
1052 3174 1153 3228 tameo

350 3275 427 3356 quia
452 3271 571 3334 summa
594 3270 730 3350 dignitas
754 3269 797 3331 est
821 3271 953 3351 populi,
978 3275 1154 3355 gravissim

351 3384 445 3448 causa
464 3383 664 3464 reipublicae,
688 3382 820 3445 maximi
840 3394 950 3448 motus
963 3388 1156 3452 multitudi·
1196 3366 1198 3413 ³

350 3498 424 3573 uis,
457 3517 559 3580 genus
579 3516 705 3578 quoque
724 3497 851 3558 dicendi
877 3499 1037 3577 grandius
1059 3502 1156 3583 quod·

351 3609 485 3677 damst&
506 3609 660 3680 illustrius
679 3608 741 3674 elie
765 3608 983 3684 adhibendum
1007 3614 1154 3682 videturt
