2725 4350
1149 371 1161 407 t

459 480 673 548 LIBER
715 480 793 584 Hs
953 502 1016 567 191

287 655 369 721 Haec
382 660 419 720 ut
433 654 467 720 dr
484 675 667 739 properans,
690 656 723 721 dr
738 655 823 739 apud
838 652 960 732 dodim,
982 654 1016 720 dr
1027 673 1095 759 42,¹

218 768 412 856 semidostun
431 769 496 853 ipse
518 788 691 853 percurro,⁴
724 778 761 832 ut
783 770 955 851 aliquando
976 772 1016 832 ad
1035 762 1084 827 178

217 885 276 947 illa
291 883 412 967 majora
430 885 609 947 veniamus.
653 882 743 969 Nihil
759 881 802 946 est
819 882 904 947 enim
920 881 955 944 in
970 881 1019 944 di-

220 998 339 1073 cendo,
362 997 494 1072 (intule,
517 997 641 1079 majus,
662 1014 759 1079 quam
775 996 930 1059 utfaveat
946 1001 1020 1067 orat·

219 1110 284 1172 tori
297 1108 343 1185 is,
365 1110 423 1192 qui
438 1111 565 1186 audiet,
587 1120 688 1191 utque
702 1105 824 1192 ipse-fic
840 1117 1019 1185 moveatur,
1071 1153 1074 1159 .

219 1228 267 1303 pt'
284 1223 407 1308 impetu
430 1225 572 1306 quodum¹
591 1222 690 1286 enimi
716 1220 750 1285 dr
777 1219 1018 1305 perturbatione

221 1336 341 1416 magio,
364 1354 458 1419 quom
476 1334 613 1417 judicio,
636 1332 853 1409 autmundo,
876 1340 1020 1416 regatur.

221 1447 321 1513 Plura
333 1450 419 1513 enim
434 1425 535 1513 multo
545 1448 692 1530 homines
704 1447 848 1532 judicant
859 1446 945 1524 odiu,
961 1435 1021 1508 aut
1079 1447 1082 1462 ¹

221 1580 353 1638 amore,
375 1570 433 1624 aut
452 1535 649 1644 cupiditate,
671 1573 729 1627 aut
748 1560 933 1638 iracundia,
964 1564 1026 1620 aut

223 1675 345 1753 dolore,
367 1682 425 1738 aut
441 1674 566 1750 laetitia,
588 1683 644 1738 aut
657 1674 720 1758 spe,
742 1683 799 1739 eut
811 1676 939 1747 timore,
961 1647 1021 1735 out

223 1807 349 1861 errore,
372 1793 428 1849 eut
441 1786 547 1869 aliqua
562 1788 760 1869 permotione
772 1787 899 1865 mentis,
922 1803 1019 1868 quom

223 1900 384 1973 veritate,
407 1906 465 1962 aut
493 1899 701 1983 praescripto,
729 1907 787 1963 aut
805 1899 886 1982 iuris
907 1916 1020 1961 norma

224 2012 359 2093 aliqua,
389 2021 448 2075 aut
472 2011 586 2094 judicii
613 2012 772 2089 formula,
799 2025 857 2075 aut
883 2007 1027 2101 ie'gibur.'
1095 2049 1102 2086 ι

225 2124 357 2201 Quare,
379 2122 437 2188 nisi
452 2126 530 2208 quid
550 2126 640 2204 vobis
655 2126 744 2192 aliud
759 2124 880 2210 placet,
904 2125 944 2187 ad
965 2122 1086 2207 illo179

222 2257 406 2320 pergamus.

292 2351 450 2427 Paullum,
471 2351 575 2434 inquit
583 2351 731 2429 Catulus,
749 2327 850 2416 'etiam
867 2369 952 2412 nunc
965 2351 1021 2414 de·

224 2463 287 2529 effe
309 2464 435 2528 videtur
458 2465 498 2528 iis
519 2468 632 2542 rebus,
655 2467 797 2541 Antoni,
821 2484 900 2545 quas
921 2482 1022 2545 expo-

222 2577 325 2654 suisti,
349 2581 434 2661 quod
451 2575 485 2640 fit
500 2580 559 2642 tibi
572 2591 647 2644 ante
661 2580 901 2662 explicandum,
925 2595 1022 2659 quam

223 2691 301 2754 illuc
329 2690 548 2774 proficiscare,
578 2712 641 2775 quo
669 2703 703 2757 te
730 2693 809 2756 dicis
840 2692 1021 2754 intendere.

226 2803 416 2878 Quidnam?
439 2806 555 2888 inquit.
578 2806 646 2881 Qui
660 2809 737 2871 ordo
749 2805 809 2870 tibi
820 2787 956 2889 plorent,
972 2804 1023 2866 in-

225 2917 296 2999 quit
317 2917 467 2994 Catulus,
490 2917 524 2982 dr
545 2937 619 3012 quae
640 2917 795 3002 dispositio
815 2925 1023 3000 argumento·

226 3049 317 3105 rum,
342 3030 375 3091 in
394 3049 457 3112 qua
477 3040 514 3094 tu
529 3032 608 3094 mihi
623 3034 742 3114 semper
761 3035 840 3096 deus
855 3031 955 3096 videri
975 3027 1023 3090 so·

224 3143 284 3208 les.
331 3140 414 3208 Vide
433 3163 527 3227 quam
545 3143 601 3206 firn
619 3145 652 3208 in
670 3144 729 3208 isto
751 3164 886 3227 genere,
908 3143 1024 3223 inquit,
1042 3178 1092 3232 180

226 3257 361 3332 Catule,
385 3258 476 3319 deus.
508 3277 571 3320 non
584 3259 768 3323 mehercule
783 3258 874 3331 mihi,
896 3252 953 3319 nifi
969 3256 1023 3316 ad-

223 3372 368 3446 monito,
393 3368 524 3434 venisset
539 3372 572 3434 in
586 3381 725 3436 mentem
736 3392 752 3434 t*
770 3364 808 3436 ut
818 3367 908 3453 podis
919 3365 1026 3429 existi·

229 3501 345 3559 mare,
375 3503 427 3546 me
447 3483 481 3546 in
503 3503 566 3561 ea,
594 3485 628 3546 in
651 3487 765 3568 quibus
784 3480 1024 3572 nonnumquam
1136 3544 1137 3548 ,

226 3593 352 3676 aliquid
363 3593 490 3663 efficere
505 3596 625 3680 videor,
648 3597 707 3666 usu
718 3596 819 3665 solere
831 3599 866 3664 in
880 3593 1031 3671 dicendo„
