2725 4350
317 524 385 592 ιώ
480 521 951 593 nu1uvanr10uu
994 472 997 476 ’

316 708 447 778 contra,
470 701 557 784 quod
570 700 692 763 malurn
708 700 770 777 est,
783 702 932 783 bonum:
957 709 1015 767 aut
1031 707 1116 786 quod

315 838 377 881 nec
390 815 510 878 malum
523 812 578 889 est,
601 833 661 877 nec
677 813 816 891 bonum,
839 818 959 879 malurn
983 828 1039 879 aut
1059 821 1120 881 boc

314 949 413 994 num:
439 935 494 991 aut
506 927 591 1016 quod
603 927 749 1004 malum,
767 939 824 991 aut
836 927 957 1001 bonurn
970 929 1031 1006 est,
1054 952 1115 995 nec

200 1047 201 1052 ’
269 1044 454 1119 22masum,
477 1060 538 1105 nec
552 1041 686 1107 bonum.
722 1040 795 1104 Hoc
809 1038 984 1119 intellecto,
1007 1041 1116 1127 siquis

313 1155 443 1237 negabit
457 1197 473 1231 ,-
494 1153 596 1217 ullam
625 1153 688 1218 effe
710 1154 902 1236 pecuniam,
927 1157 1041 1219 fratria
1060 1168 1117 1221 aut

222 1278 224 1281 ‘
313 1267 408 1354 amici
427 1268 511 1344 vita,
534 1276 591 1331 aut
606 1268 744 1351 denique
761 1264 870 1331 officio
886 1268 1113 1353 antiquiorem,

280 1401 283 1410 ’
307 1357 368 1446 -aut
386 1381 580 1458 suaviorem,
602 1381 751 1444 nouerit
776 1381 839 1445 hoc
856 1382 1032 1470 accusatori
1053 1403 1113 1447 ne·

312 1471 465 1579 gaudum,
517 1492 602 1558 Nam
627 1494 662 1557 in
689 1513 764 1557 eum
783 1494 878 1577 culpa
901 1494 936 1564 δι
955 1495 1112 1585 summum

309 1609 422 1673 odium
436 1609 658 1685 transferetur,
679 1607 787 1691 quiid,
812 1610 897 1691 quod
910 1617 977 1671 tam
990 1608 1109 1676 vere&

308 1722 362 1807 pie
377 1721 517 1798 dicetur,
539 1721 678 1804 negabit.
704 1716 827 1786 Verum
839 1721 919 1787 iliud
936 1724 1108 1788 dicendum

307 1835 380 1912 erit,
395 1834 444 1899 illi
456 1854 522 1898 non
534 1833 596 1898 esic
607 1835 653 1899 ita
668 1832 791 1900 visumc
814 1837 902 1919 quod
919 1836 998 1899 sumi
1013 1856 1111 1920 opor·

247 1978 254 1996 1
304 1955 355 2014 tet
373 1970 413 2013 ex
434 1948 493 2025 iis,
522 1967 597 2033 quae
615 1950 656 2013 ad
676 1948 843 2032 personam
865 1936 1043 2031 pertinent,
1067 1952 1108 2015 de

168 2077 169 2080 ’
188 2097 190 2102 -
268 2080 294 2143 7
308 2082 370 2154 quo
386 2060 454 2147 post
469 2062 639 2128 dicendum
653 2060 710 2126 est.
753 2062 901 2127 Eventus
914 2068 1023 2125 autem
1036 2071 1107 2131 tum

217 2173 221 2180 ’
260 2177 404 2256 23sallit,
428 2198 501 2244 cum
522 2177 615 2241 aliter
633 2177 887 2260 accidit,‘atque
907 2174 955 2252 ii,
978 2177 1034 2259 qui
1055 2196 1108 2241 ar·

302 2295 465 2375 guuntur,
488 2272 714 2413 arbitnwsse
734 2292 904 2355 dicunturr
928 2297 986 2368 ut,
1010 2288 1105 2373 siqui

302 2407 428 2469 dicatur
448 2406 548 2470 alium
569 2392 738 2492 nonme,
761 2422 799 2466 ac
822 2400 985 2477 voluerit,
1015 2397 1102 2485 quod

302 2527 360 2581 aut
372 2516 591 2594 similitudine,
615 2526 671 2580 aut
688 2516 874 2596 suspicione,
897 2522 955 2578 aut
970 2506 1103 2578 demone

300 2629 452 2694 stratione
466 2631 541 2694 salsa
552 2624 709 2712 ‘deceptus
725 2628 781 2692 fit:
804 2635 862 2692 aut
875 2644 950 2691 euna
964 2625 1098 2701 necasse,

299 2741 393 2823 cujus
415 2741 604 2806 testamento
623 2736 690 2805 non'
713 2742 889 2816 sit-heres,
919 2740 1004 2822 quod
1028 2727 1100 2821 ejus

300 2854 488 2952 testamento
511 2856 542 2920 se
563 2856 712 2921 heredem
737 2856 909 2918 arbitratus
933 2853 982 2919 fit.
1027 2853 1102 2918 Non

298 2967 385 3032 enim
406 2990 446 3033 ex
463 2952 580 3034 eventu
605 2969 832 3050 cogitationem
852 2965 985 3050 spestani
1004 2969 1102 3050 opor-

297 3055 386 3170 tesp
411 3081 462 3145 sed
484 3097 549 3166 qua
568 3083 763 3165 cogitatione
786 3080 819 3144 ἃ
835 3081 892 3163 'spe
916 3084 955 3144 ad
975 3079 1100 3146 malefi-

297 3193 383 3257 cium
404 3195 566 3276 profectus
580 3195 635 3272 fit,
658 3194 870 3270 confiderare;
895 3193 929 3258 ἃ
948 3195 1099 3276 quo-ani·

274 3295 281 3304 ’
296 3326 350 3370 nro
364 3306 442 3390 quid
455 3309 585 3391 quisque
598 3309 705 3386 faciat,
729 3329 794 3372 non
812 3318 875 3389 quo
889 3308 960 3372 casu
976 3314 1097 3381 utatur,
1140 3284 1142 3289 ¹

247 3444 283 3501 24
296 3422 336 3483 ad
351 3440 419 3484 cern
435 3421 604 3502 pertinere.
649 3423 688 3485 In
704 3422 765 3485 hoc
782 3433 891 3483 autem
907 3422 978 3483 loco
1001 3427 1098 3501 caput

291 3530 455 3597 illuderit
477 3534 670 3610 accusatori,
692 3533 716 3596 s1
736 3532 948 3597 demonstrare
965 3534 1095 3616 poterit,

256 3718 259 3725 Ι
291 3641 347 3707 alsi
365 3645 487 3711 nemini
503 3647 628 3712 causam
648 3647 741 3713 fuisse
764 3646 920 3712 faciendi:
943 3647 1098 3711 secunda·
