<?xml version="1.0" encoding="UTF-8"?>
<!DOCTYPE html PUBLIC "-//W3C//DTD XHTML 1.0 Transitional//EN"
    "http://www.w3.org/TR/xhtml1/DTD/xhtml1-transitional.dtd">
<html xmlns="http://www.w3.org/1999/xhtml" xml:lang="en" lang="en">
 <head>
  <title>
</title>
<meta http-equiv="Content-Type" content="text/html;charset=utf-8" />
  <meta name='ocr-system' content='tesseract 3.04.00' />
  <meta name='ocr-capabilities' content='ocr_page ocr_carea ocr_par ocr_line ocrx_word'/>
</head>
<body>
  <div class='ocr_page' id='page_1' title='image "./mtvlliiciceroni08cicegoog_0636.png"; bbox 0 0 2725 4350; ppageno 0'>
   <div class='ocr_carea' id='block_1_1' title="bbox 355 411 1038 572">
    <p class='ocr_par' dir='ltr' id='par_1_1' title="bbox 355 411 1038 572">
     <span class='ocr_line' id='line_1_1' title="bbox 355 411 1038 572; baseline -0.001 -16"><span class='ocrx_word' id='word_1_1' title='bbox 355 443 420 572; x_wconf 57' lang='lat'>25&#39;3</span> <span class='ocrx_word' id='word_1_2' title='bbox 518 411 1038 572; x_wconf 62' lang='lat' dir='ltr'>uuounronu.</span> 
     </span>
    </p>
   </div>
   <div class='ocr_carea' id='block_1_2' title="bbox 222 654 1168 3665">
    <p class='ocr_par' dir='ltr' id='par_1_2' title="bbox 357 654 1156 748">
     <span class='ocr_line' id='line_1_2' title="bbox 357 654 1156 748; baseline -0.003 -20"><span class='ocrx_word' id='word_1_3' title='bbox 357 671 534 742; x_wconf 81' lang='lat' dir='ltr'><strong>contraque</strong></span> <span class='ocrx_word' id='word_1_4' title='bbox 555 676 615 720; x_wconf 82' lang='lat' dir='ltr'>noo</span> <span class='ocrx_word' id='word_1_5' title='bbox 637 663 734 726; x_wconf 89' lang='lat' dir='ltr'>erunt</span> <span class='ocrx_word' id='word_1_6' title='bbox 745 700 756 733; x_wconf 93' lang='lat'>,</span> <span class='ocrx_word' id='word_1_7' title='bbox 779 654 894 720; x_wconf 69' lang='lat' dir='ltr'>moriter</span> <span class='ocrx_word' id='word_1_8' title='bbox 915 654 1156 748; x_wconf 77' lang='lat' dir='ltr'>persequamur,</span> 
     </span>
    </p>

    <p class='ocr_par' dir='ltr' id='par_1_3' title="bbox 359 769 1156 858">
     <span class='ocr_line' id='line_1_3' title="bbox 359 769 1156 858; baseline 0.001 -21"><span class='ocrx_word' id='word_1_9' title='bbox 359 777 395 843; x_wconf 72' lang='grc' dir='ltr'>ἂ</span> <span class='ocrx_word' id='word_1_10' title='bbox 414 772 568 858; x_wconf 86' lang='lat' dir='ltr'>quidquid</span> <span class='ocrx_word' id='word_1_11' title='bbox 587 770 726 852; x_wconf 84' lang='lat' dir='ltr'>poterit,</span> <span class='ocrx_word' id='word_1_12' title='bbox 748 769 985 846; x_wconf 74' lang='lat' dir='ltr'>detrahamuoa</span> <span class='ocrx_word' id='word_1_13' title='bbox 1008 791 1053 836; x_wconf 87' lang='lat' dir='ltr'>ue</span> <span class='ocrx_word' id='word_1_14' title='bbox 1072 774 1156 852; x_wconf 80' lang='lat' dir='ltr'>iilud,</span> 
     </span>
    </p>

    <p class='ocr_par' dir='ltr' id='par_1_4' title="bbox 358 879 1156 973">
     <span class='ocr_line' id='line_1_4' title="bbox 358 879 1156 973; baseline -0.011 -20"><span class='ocrx_word' id='word_1_15' title='bbox 358 890 445 973; x_wconf 81' lang='lat' dir='ltr'>quod</span> <span class='ocrx_word' id='word_1_16' title='bbox 462 882 603 962; x_wconf 77' lang='lat' dir='ltr'>Craffnr,</span> <span class='ocrx_word' id='word_1_17' title='bbox 632 879 803 964; x_wconf 82' lang='lat' dir='ltr'>fiqnondo</span> <span class='ocrx_word' id='word_1_18' title='bbox 819 879 893 959; x_wconf 90' lang='lat' dir='ltr'>fiat,</span> <span class='ocrx_word' id='word_1_19' title='bbox 916 880 1079 964; x_wconf 74' lang='lat' dir='ltr'>perfidia,</span> <span class='ocrx_word' id='word_1_20' title='bbox 1100 906 1156 951; x_wconf 79' lang='lat' dir='ltr'>non</span> 
     </span>
    </p>

    <p class='ocr_par' dir='ltr' id='par_1_5' title="bbox 335 992 1158 1086">
     <span class='ocr_line' id='line_1_5' title="bbox 335 992 1158 1086; baseline -0.006 -16"><span class='ocrx_word' id='word_1_21' title='bbox 335 1059 340 1070; x_wconf 88' lang='lat'>.</span> <span class='ocrx_word' id='word_1_22' title='bbox 358 1000 492 1067; x_wconf 86' lang='lat' dir='ltr'>stultitia</span> <span class='ocrx_word' id='word_1_23' title='bbox 505 995 577 1060; x_wconf 81' lang='lat' dir='ltr'>fieri</span> <span class='ocrx_word' id='word_1_24' title='bbox 591 1002 701 1079; x_wconf 86' lang='lat' dir='ltr'>putat,</span> <span class='ocrx_word' id='word_1_25' title='bbox 722 1001 760 1057; x_wconf 89' lang='lat' dir='ltr'>ut</span> <span class='ocrx_word' id='word_1_26' title='bbox 775 992 877 1058; x_wconf 83' lang='lat' dir='ltr'>causae</span> <span class='ocrx_word' id='word_1_27' title='bbox 890 1014 1074 1086; x_wconf 67' lang='lat' dir='ltr'>noceamus</span> <span class='ocrx_word' id='word_1_28' title='bbox 1080 1045 1091 1078; x_wconf 89' lang='lat'>,</span> <span class='ocrx_word' id='word_1_29' title='bbox 1112 1019 1158 1064; x_wconf 79' lang='lat' dir='ltr'>ac·</span> 
     </span>
    </p>

    <p class='ocr_par' dir='ltr' id='par_1_6' title="bbox 361 1108 1158 1196">
     <span class='ocr_line' id='line_1_6' title="bbox 361 1108 1158 1196; baseline -0.005 -17"><span class='ocrx_word' id='word_1_30' title='bbox 361 1116 457 1180; x_wconf 85' lang='lat' dir='ltr'>cidat.</span> <span class='ocrx_word' id='word_1_31' title='bbox 488 1108 573 1174; x_wconf 85' lang='lat' dir='ltr'>Nom</span> <span class='ocrx_word' id='word_1_32' title='bbox 592 1110 632 1172; x_wconf 80' lang='lat' dir='ltr'>nd</span> <span class='ocrx_word' id='word_1_33' title='bbox 650 1108 807 1171; x_wconf 87' lang='lat' dir='ltr'>summam</span> <span class='ocrx_word' id='word_1_34' title='bbox 823 1108 925 1170; x_wconf 83' lang='lat' dir='ltr'>totius</span> <span class='ocrx_word' id='word_1_35' title='bbox 941 1108 1051 1183; x_wconf 76' lang='lat' dir='ltr'>causae</span> <span class='ocrx_word' id='word_1_36' title='bbox 1069 1114 1158 1196; x_wconf 84' lang='lat' dir='ltr'>perti·</span> 
     </span>
    </p>

    <p class='ocr_par' dir='ltr' id='par_1_7' title="bbox 350 1219 1156 1314">
     <span class='ocr_line' id='line_1_7' title="bbox 350 1219 1156 1314; baseline -0.006 -21"><span class='ocrx_word' id='word_1_37' title='bbox 350 1240 434 1314; x_wconf 84' lang='lat' dir='ltr'>net,</span> <span class='ocrx_word' id='word_1_38' title='bbox 457 1235 569 1301; x_wconf 88' lang='lat' dir='ltr'>caute,</span> <span class='ocrx_word' id='word_1_39' title='bbox 592 1241 632 1285; x_wconf 89' lang='lat' dir='ltr'>an</span> <span class='ocrx_word' id='word_1_40' title='bbox 651 1229 782 1297; x_wconf 87' lang='lat' dir='ltr'>contra,</span> <span class='ocrx_word' id='word_1_41' title='bbox 806 1219 1096 1308; x_wconf 28' lang='lat' dir='ltr'>demonstrata-rer</span> <span class='ocrx_word' id='word_1_42' title='bbox 1109 1223 1156 1301; x_wconf 72' lang='lat' dir='ltr'>fit,</span> 
     </span>
    </p>

    <p class='ocr_par' dir='ltr' id='par_1_8' title="bbox 222 1333 1158 1519">
     <span class='ocr_line' id='line_1_8' title="bbox 222 1333 1158 1424; baseline 0.005 -24"><span class='ocrx_word' id='word_1_43' title='bbox 222 1393 226 1400; x_wconf 92' lang='lat'><em>.</em></span> <span class='ocrx_word' id='word_1_44' title='bbox 333 1361 336 1366; x_wconf 90' lang='lat'>·</span> <span class='ocrx_word' id='word_1_45' title='bbox 361 1340 451 1424; x_wconf 86' lang='lat' dir='ltr'>quod</span> <span class='ocrx_word' id='word_1_46' title='bbox 473 1337 577 1401; x_wconf 84' lang='lat' dir='ltr'>omnio</span> <span class='ocrx_word' id='word_1_47' title='bbox 599 1334 752 1398; x_wconf 82' lang='lat' dir='ltr'>orationis</span> <span class='ocrx_word' id='word_1_48' title='bbox 773 1333 905 1420; x_wconf 80' lang='lat' dir='ltr'>reliquae</span> <span class='ocrx_word' id='word_1_49' title='bbox 925 1334 1004 1400; x_wconf 78' lang='lat' dir='ltr'>ione</span> <span class='ocrx_word' id='word_1_50' title='bbox 1023 1336 1073 1404; x_wconf 85' lang='lat' dir='ltr'>est</span> <span class='ocrx_word' id='word_1_51' title='bbox 1093 1357 1158 1418; x_wconf 76' lang='lat' dir='ltr'>uta·</span> 
     </span>
     <span class='ocr_line' id='line_1_9' title="bbox 360 1455 455 1519; baseline -0.032 0"><span class='ocrx_word' id='word_1_52' title='bbox 360 1455 455 1519; x_wconf 88' lang='lat' dir='ltr'>ratio.</span> 
     </span>
    </p>

    <p class='ocr_par' dir='ltr' id='par_1_9' title="bbox 297 1557 1166 2882">
     <span class='ocr_line' id='line_1_10' title="bbox 297 1557 1159 1657; baseline 0 -29"><span class='ocrx_word' id='word_1_53' title='bbox 297 1601 347 1657; x_wconf 78' lang='lat'>331</span> <span class='ocrx_word' id='word_1_54' title='bbox 429 1563 599 1645; x_wconf 82' lang='lat' dir='ltr'>Sequitur,</span> <span class='ocrx_word' id='word_1_55' title='bbox 621 1568 660 1624; x_wconf 91' lang='lat' dir='ltr'>ut</span> <span class='ocrx_word' id='word_1_56' title='bbox 677 1557 772 1623; x_wconf 86' lang='lat' dir='ltr'>causa</span> <span class='ocrx_word' id='word_1_57' title='bbox 794 1568 950 1643; x_wconf 82' lang='lat' dir='ltr'>ponatur3</span> <span class='ocrx_word' id='word_1_58' title='bbox 972 1561 1010 1628; x_wconf 92' lang='lat' dir='ltr'>in</span> <span class='ocrx_word' id='word_1_59' title='bbox 1032 1583 1102 1649; x_wconf 86' lang='lat' dir='ltr'>quo</span> <span class='ocrx_word' id='word_1_60' title='bbox 1119 1561 1159 1630; x_wconf 85' lang='lat' dir='ltr'>ri-</span> 
     </span>
     <span class='ocr_line' id='line_1_11' title="bbox 364 1672 1158 1756; baseline -0.003 -13"><span class='ocrx_word' id='word_1_61' title='bbox 364 1680 502 1743; x_wconf 83' lang='lat' dir='ltr'>dendum</span> <span class='ocrx_word' id='word_1_62' title='bbox 527 1674 592 1752; x_wconf 87' lang='lat' dir='ltr'>est,</span> <span class='ocrx_word' id='word_1_63' title='bbox 619 1674 696 1756; x_wconf 91' lang='lat' dir='ltr'>quid</span> <span class='ocrx_word' id='word_1_64' title='bbox 714 1672 748 1735; x_wconf 92' lang='lat' dir='ltr'>in</span> <span class='ocrx_word' id='word_1_65' title='bbox 771 1673 1019 1750; x_wconf 77' lang='lat' dir='ltr'>controverfiam</span> <span class='ocrx_word' id='word_1_66' title='bbox 1047 1678 1158 1744; x_wconf 81' lang='lat' dir='ltr'>veniat.</span> 
     </span>
     <span class='ocr_line' id='line_1_12' title="bbox 364 1784 1159 1870; baseline 0 -16"><span class='ocrx_word' id='word_1_67' title='bbox 364 1792 452 1855; x_wconf 84' lang='lat' dir='ltr'>Tum</span> <span class='ocrx_word' id='word_1_68' title='bbox 463 1789 657 1870; x_wconf 78' lang='lat' dir='ltr'>suggerenda</span> <span class='ocrx_word' id='word_1_69' title='bbox 670 1786 743 1849; x_wconf 86' lang='lat' dir='ltr'>sunt</span> <span class='ocrx_word' id='word_1_70' title='bbox 756 1784 958 1851; x_wconf 81' lang='lat' dir='ltr'>firmamenta</span> <span class='ocrx_word' id='word_1_71' title='bbox 970 1790 1079 1855; x_wconf 83' lang='lat' dir='ltr'>causae</span> <span class='ocrx_word' id='word_1_72' title='bbox 1092 1811 1159 1856; x_wconf 83' lang='lat' dir='ltr'>cou-</span> 
     </span>
     <span class='ocr_line' id='line_1_13' title="bbox 363 1900 1159 1989; baseline -0.001 -21"><span class='ocrx_word' id='word_1_73' title='bbox 363 1902 482 1989; x_wconf 66' lang='lat' dir='ltr'>juni&#39;to,</span> <span class='ocrx_word' id='word_1_74' title='bbox 505 1900 747 1966; x_wconf 85' lang='lat' dir='ltr'>&amp;infirmandis</span> <span class='ocrx_word' id='word_1_75' title='bbox 762 1900 942 1976; x_wconf 69' lang='lat' dir='ltr'>contrariis,</span> <span class='ocrx_word' id='word_1_76' title='bbox 967 1900 1083 1969; x_wconf 75' lang='lat' dir='ltr'>&amp;tuis</span> <span class='ocrx_word' id='word_1_77' title='bbox 1093 1924 1159 1970; x_wconf 81' lang='lat' dir='ltr'>oon·</span> 
     </span>
     <span class='ocr_line' id='line_1_14' title="bbox 363 2010 1160 2101; baseline 0.001 -20"><span class='ocrx_word' id='word_1_78' title='bbox 363 2016 540 2082; x_wconf 84' lang='lat' dir='ltr'>firmandis.</span> <span class='ocrx_word' id='word_1_79' title='bbox 575 2032 713 2094; x_wconf 82' lang='lat' dir='ltr'>namque</span> <span class='ocrx_word' id='word_1_80' title='bbox 730 2031 796 2076; x_wconf 91' lang='lat' dir='ltr'>una</span> <span class='ocrx_word' id='word_1_81' title='bbox 810 2014 845 2076; x_wconf 91' lang='lat' dir='ltr'>in</span> <span class='ocrx_word' id='word_1_82' title='bbox 859 2010 960 2077; x_wconf 79' lang='lat' dir='ltr'>crufir</span> <span class='ocrx_word' id='word_1_83' title='bbox 978 2017 1067 2080; x_wconf 85' lang='lat' dir='ltr'>ratio</span> <span class='ocrx_word' id='word_1_84' title='bbox 1080 2037 1160 2101; x_wconf 79' lang='lat' dir='ltr'>quar·</span> 
     </span>
     <span class='ocr_line' id='line_1_15' title="bbox 364 2126 1161 2210; baseline -0.004 -14"><span class='ocrx_word' id='word_1_85' title='bbox 364 2134 438 2196; x_wconf 88' lang='lat' dir='ltr'>dam</span> <span class='ocrx_word' id='word_1_86' title='bbox 460 2129 502 2194; x_wconf 83' lang='lat' dir='ltr'>est</span> <span class='ocrx_word' id='word_1_87' title='bbox 525 2127 595 2210; x_wconf 83' lang='lat' dir='ltr'>ejus</span> <span class='ocrx_word' id='word_1_88' title='bbox 618 2126 788 2202; x_wconf 79' lang='lat' dir='ltr'>orationis,</span> <span class='ocrx_word' id='word_1_89' title='bbox 812 2146 885 2209; x_wconf 83' lang='lat' dir='ltr'>quae</span> <span class='ocrx_word' id='word_1_90' title='bbox 904 2128 945 2190; x_wconf 81' lang='lat' dir='ltr'>od</span> <span class='ocrx_word' id='word_1_91' title='bbox 966 2131 1161 2210; x_wconf 70' lang='lat' dir='ltr'><strong>probandam</strong></span> 
     </span>
     <span class='ocr_line' id='line_1_16' title="bbox 363 2240 1161 2327; baseline 0.003 -21"><span class='ocrx_word' id='word_1_92' title='bbox 363 2241 674 2327; x_wconf 79' lang='lat' dir='ltr'>argumentationem</span> <span class='ocrx_word' id='word_1_93' title='bbox 694 2240 788 2304; x_wconf 85' lang='lat' dir='ltr'>valet.</span> <span class='ocrx_word' id='word_1_94' title='bbox 832 2241 879 2302; x_wconf 88' lang='lat' dir='ltr'>Ea</span> <span class='ocrx_word' id='word_1_95' title='bbox 896 2249 1008 2306; x_wconf 87' lang='lat' dir='ltr'>autem</span> <span class='ocrx_word' id='word_1_96' title='bbox 1033 2241 1070 2309; x_wconf 74' lang='grc' dir='ltr'>δι</span> <span class='ocrx_word' id='word_1_97' title='bbox 1091 2264 1161 2308; x_wconf 87' lang='lat' dir='ltr'>eon·</span> 
     </span>
     <span class='ocr_line' id='line_1_17' title="bbox 365 2350 1161 2436; baseline -0.001 -16"><span class='ocrx_word' id='word_1_98' title='bbox 365 2357 576 2420; x_wconf 85' lang='lat' dir='ltr'>firmationem</span> <span class='ocrx_word' id='word_1_99' title='bbox 597 2353 631 2417; x_wconf 83' lang='lat'>&amp;</span> <span class='ocrx_word' id='word_1_100' title='bbox 653 2350 926 2435; x_wconf 82' lang='lat' dir='ltr'>reprehensionem</span> <span class='ocrx_word' id='word_1_101' title='bbox 948 2357 1095 2436; x_wconf 76' lang='lat' dir='ltr'>quaerit:</span> <span class='ocrx_word' id='word_1_102' title='bbox 1116 2356 1161 2422; x_wconf 82' lang='lat' dir='ltr'>sed</span> 
     </span>
     <span class='ocr_line' id='line_1_18' title="bbox 364 2466 1163 2553; baseline -0.015 -21"><span class='ocrx_word' id='word_1_103' title='bbox 364 2472 439 2553; x_wconf 89' lang='lat' dir='ltr'>quia</span> <span class='ocrx_word' id='word_1_104' title='bbox 457 2487 561 2549; x_wconf 81' lang='lat' dir='ltr'>neque</span> <span class='ocrx_word' id='word_1_105' title='bbox 583 2466 789 2548; x_wconf 77' lang='lat' dir='ltr'>reprehendi,</span> <span class='ocrx_word' id='word_1_106' title='bbox 818 2484 891 2548; x_wconf 86' lang='lat' dir='ltr'>quae</span> <span class='ocrx_word' id='word_1_107' title='bbox 916 2472 1035 2533; x_wconf 87' lang='lat' dir='ltr'>contra</span> <span class='ocrx_word' id='word_1_108' title='bbox 1056 2470 1163 2534; x_wconf 87' lang='lat' dir='ltr'>dicun.</span> 
     </span>
     <span class='ocr_line' id='line_1_19' title="bbox 363 2577 1162 2664; baseline -0.003 -19"><span class='ocrx_word' id='word_1_109' title='bbox 363 2593 434 2656; x_wconf 87' lang='lat' dir='ltr'>tur,</span> <span class='ocrx_word' id='word_1_110' title='bbox 457 2581 598 2662; x_wconf 77' lang='lat' dir='ltr'>ponunt,</span> <span class='ocrx_word' id='word_1_111' title='bbox 621 2577 678 2641; x_wconf 79' lang='lat' dir='ltr'>rifi</span> <span class='ocrx_word' id='word_1_112' title='bbox 694 2588 749 2640; x_wconf 90' lang='lat' dir='ltr'>tua</span> <span class='ocrx_word' id='word_1_113' title='bbox 765 2578 951 2663; x_wconf 76' lang='lat' dir='ltr'>confirmer,</span> <span class='ocrx_word' id='word_1_114' title='bbox 976 2598 1087 2664; x_wconf 84' lang='lat' dir='ltr'>neque</span> <span class='ocrx_word' id='word_1_115' title='bbox 1100 2583 1162 2646; x_wconf 84' lang='lat' dir='ltr'>haeo</span> 
     </span>
     <span class='ocr_line' id='line_1_20' title="bbox 365 2691 1163 2774; baseline -0.001 -17"><span class='ocrx_word' id='word_1_116' title='bbox 365 2694 557 2769; x_wconf 85' lang='lat' dir='ltr'>confirmari,</span> <span class='ocrx_word' id='word_1_117' title='bbox 577 2691 631 2755; x_wconf 77' lang='lat' dir='ltr'>nisi</span> <span class='ocrx_word' id='word_1_118' title='bbox 646 2693 702 2755; x_wconf 89' lang='lat' dir='ltr'>illa</span> <span class='ocrx_word' id='word_1_119' title='bbox 716 2693 938 2774; x_wconf 80' lang='lat' dir='ltr'>reprehendas,</span> <span class='ocrx_word' id='word_1_120' title='bbox 960 2694 1087 2760; x_wconf 86' lang='lat' dir='ltr'>idcirco</span> <span class='ocrx_word' id='word_1_121' title='bbox 1099 2697 1163 2760; x_wconf 83' lang='lat' dir='ltr'>haer</span> 
     </span>
     <span class='ocr_line' id='line_1_21' title="bbox 364 2803 1166 2882; baseline -0.002 -10"><span class='ocrx_word' id='word_1_122' title='bbox 364 2808 398 2872; x_wconf 76' lang='grc' dir='ltr'>δι</span> <span class='ocrx_word' id='word_1_123' title='bbox 412 2817 550 2882; x_wconf 86' lang='lat' dir='ltr'>natura,</span> <span class='ocrx_word' id='word_1_124' title='bbox 580 2804 614 2871; x_wconf 72' lang='grc' dir='ltr'>δι</span> <span class='ocrx_word' id='word_1_125' title='bbox 634 2805 790 2881; x_wconf 86' lang='lat' dir='ltr'>utilitate,</span> <span class='ocrx_word' id='word_1_126' title='bbox 814 2804 847 2869; x_wconf 72' lang='grc' dir='ltr'>δι</span> <span class='ocrx_word' id='word_1_127' title='bbox 868 2803 1068 2871; x_wconf 74' lang='lat' dir='ltr'>trattatioue</span> <span class='ocrx_word' id='word_1_128' title='bbox 1095 2829 1166 2872; x_wconf 87' lang='lat' dir='ltr'>con·</span> 
     </span>
    </p>

    <p class='ocr_par' dir='ltr' id='par_1_10' title="bbox 294 2918 1165 3006">
     <span class='ocr_line' id='line_1_22' title="bbox 294 2918 1165 3006; baseline 0.002 -22"><span class='ocrx_word' id='word_1_129' title='bbox 294 2949 348 3003; x_wconf 77' lang='lat'>332</span> <span class='ocrx_word' id='word_1_130' title='bbox 362 2918 472 3005; x_wconf 72' lang='lat' dir='ltr'>juniia</span> <span class='ocrx_word' id='word_1_131' title='bbox 486 2919 568 2983; x_wconf 89' lang='lat' dir='ltr'>sunt.</span> <span class='ocrx_word' id='word_1_132' title='bbox 613 2918 731 2981; x_wconf 90' lang='lat' dir='ltr'>Omnia</span> <span class='ocrx_word' id='word_1_133' title='bbox 745 2927 852 2981; x_wconf 88' lang='lat' dir='ltr'>autem</span> <span class='ocrx_word' id='word_1_134' title='bbox 869 2920 1094 2986; x_wconf 79' lang='lat' dir='ltr'>concludenda</span> <span class='ocrx_word' id='word_1_135' title='bbox 1104 2923 1165 3006; x_wconf 83' lang='lat' dir='ltr'>ple·</span> 
     </span>
    </p>

    <p class='ocr_par' dir='ltr' id='par_1_11' title="bbox 234 3018 1168 3665">
     <span class='ocr_line' id='line_1_23' title="bbox 234 3018 1166 3128; baseline 0.001 -32"><span class='ocrx_word' id='word_1_136' title='bbox 234 3018 237 3023; x_wconf 47' lang='grc'>’</span> <span class='ocrx_word' id='word_1_137' title='bbox 351 3054 499 3128; x_wconf 68' lang='lat' dir='ltr'>rumque</span> <span class='ocrx_word' id='word_1_138' title='bbox 515 3035 608 3097; x_wconf 87' lang='lat' dir='ltr'>rebus</span> <span class='ocrx_word' id='word_1_139' title='bbox 622 3033 787 3114; x_wconf 87' lang='lat' dir='ltr'>augendis,</span> <span class='ocrx_word' id='word_1_140' title='bbox 811 3032 862 3095; x_wconf 85' lang='lat' dir='ltr'>vel</span> <span class='ocrx_word' id='word_1_141' title='bbox 872 3030 1110 3100; x_wconf 88' lang='lat' dir='ltr'>inflammando</span> <span class='ocrx_word' id='word_1_142' title='bbox 1120 3034 1166 3116; x_wconf 86' lang='lat' dir='ltr'>ju·</span> 
     </span>
     <span class='ocr_line' id='line_1_24' title="bbox 363 3145 1166 3230; baseline -0.001 -19"><span class='ocrx_word' id='word_1_143' title='bbox 363 3149 445 3224; x_wconf 88' lang='lat' dir='ltr'>dice,</span> <span class='ocrx_word' id='word_1_144' title='bbox 467 3147 519 3210; x_wconf 87' lang='lat' dir='ltr'>vel</span> <span class='ocrx_word' id='word_1_145' title='bbox 531 3147 726 3227; x_wconf 78' lang='lat' dir='ltr'>mitigando:</span> <span class='ocrx_word' id='word_1_146' title='bbox 750 3145 921 3226; x_wconf 85' lang='lat' dir='ltr'>omniaque</span> <span class='ocrx_word' id='word_1_147' title='bbox 937 3166 1012 3206; x_wconf 90' lang='lat' dir='ltr'>curn</span> <span class='ocrx_word' id='word_1_148' title='bbox 1028 3148 1166 3230; x_wconf 84' lang='lat' dir='ltr'>superio·</span> 
     </span>
     <span class='ocr_line' id='line_1_25' title="bbox 364 3259 1167 3337; baseline -0.001 -12"><span class='ocrx_word' id='word_1_149' title='bbox 364 3262 453 3325; x_wconf 84' lang='lat' dir='ltr'>ribus</span> <span class='ocrx_word' id='word_1_150' title='bbox 471 3261 626 3323; x_wconf 89' lang='lat' dir='ltr'>orationis</span> <span class='ocrx_word' id='word_1_151' title='bbox 645 3260 741 3334; x_wconf 89' lang='lat' dir='ltr'>locis,</span> <span class='ocrx_word' id='word_1_152' title='bbox 763 3267 834 3321; x_wconf 90' lang='lat' dir='ltr'>tum</span> <span class='ocrx_word' id='word_1_153' title='bbox 851 3259 989 3322; x_wconf 84' lang='lat' dir='ltr'>maxime</span> <span class='ocrx_word' id='word_1_154' title='bbox 1008 3272 1167 3337; x_wconf 84' lang='lat' dir='ltr'>extremo,</span> 
     </span>
     <span class='ocr_line' id='line_1_26' title="bbox 363 3371 1168 3456; baseline 0.001 -19"><span class='ocrx_word' id='word_1_155' title='bbox 363 3378 403 3439; x_wconf 82' lang='lat' dir='ltr'>ad</span> <span class='ocrx_word' id='word_1_156' title='bbox 427 3383 550 3439; x_wconf 80' lang='lat' dir='ltr'>mentes</span> <span class='ocrx_word' id='word_1_157' title='bbox 571 3372 716 3455; x_wconf 88' lang='lat' dir='ltr'>judicum</span> <span class='ocrx_word' id='word_1_158' title='bbox 745 3391 843 3454; x_wconf 88' lang='lat' dir='ltr'>quam</span> <span class='ocrx_word' id='word_1_159' title='bbox 869 3371 1011 3435; x_wconf 78' lang='lat' dir='ltr'>maxime</span> <span class='ocrx_word' id='word_1_160' title='bbox 1041 3395 1168 3456; x_wconf 86' lang='lat' dir='ltr'>permo·</span> 
     </span>
     <span class='ocr_line' id='line_1_27' title="bbox 362 3484 1167 3565; baseline 0.001 -11"><span class='ocrx_word' id='word_1_161' title='bbox 362 3493 496 3563; x_wconf 85' lang='lat' dir='ltr'>vendas,</span> <span class='ocrx_word' id='word_1_162' title='bbox 520 3487 554 3551; x_wconf 74' lang='grc' dir='ltr'>δι</span> <span class='ocrx_word' id='word_1_163' title='bbox 574 3489 614 3549; x_wconf 87' lang='lat' dir='ltr'>ad</span> <span class='ocrx_word' id='word_1_164' title='bbox 634 3487 807 3550; x_wconf 86' lang='lat' dir='ltr'>utilitatem</span> <span class='ocrx_word' id='word_1_165' title='bbox 832 3484 970 3546; x_wconf 86' lang='lat' dir='ltr'>nostram</span> <span class='ocrx_word' id='word_1_166' title='bbox 993 3492 1167 3565; x_wconf 77' lang='lat' dir='ltr'>vocandas,</span> 
     </span>
     <span class='ocr_line' id='line_1_28' title="bbox 364 3600 654 3665; baseline 0.021 -7"><span class='ocrx_word' id='word_1_167' title='bbox 364 3600 555 3665; x_wconf 81' lang='lat' dir='ltr'>conferenda</span> <span class='ocrx_word' id='word_1_168' title='bbox 573 3600 654 3664; x_wconf 88' lang='lat' dir='ltr'>sunt.</span> 
     </span>
    </p>
   </div>
   <div class='ocr_carea' id='block_1_3' title="bbox 0 0 1376 4350">
    <p class='ocr_par' dir='ltr' id='par_1_12' title="bbox 0 0 1376 4350">
     <span class='ocr_line' id='line_1_29' title="bbox 0 0 1376 4350; baseline 0 0"><span class='ocrx_word' id='word_1_169' title='bbox 0 0 1376 4350; x_wconf 95' lang='lat' dir='ltr'> </span> 
     </span>
    </p>
   </div>
  </div>
 </body>
</html>
