2725 4350
359 509 985 618 mc,onountoun
1094 521 1104 554 κ

287 728 297 735 -
357 696 396 752 ut
408 687 488 751 mihi
499 708 564 751 non
579 671 678 753 solum
690 695 726 752 tu
738 689 907 756 incendere
924 690 1092 775 judicem,
1109 695 1160 762 sed

359 803 549 885 ipseardere
565 802 713 866 videatis·
1122 851 1125 855 .

220 911 223 915 “
288 932 340 990 189
424 915 542 997 Neque
559 912 630 978 fieri
645 913 764 997 potest,
787 896 1007 997 utdolectic,
1031 890 1090 1012 qui
1105 940 1163 987 uu·

346 1030 430 1105 dit,
450 1035 500 1091 ut
509 1027 630 1105 oderit,
653 1036 693 1092 ut
712 1028 876 1106 invideat,
898 1037 945 1094 ut
947 1033 1166 1117 pertimescet

357 1142 497 1224 aliquid,
519 1148 557 1203 ut
576 1143 620 1204 cd
638 1140 751 1205 fletum
771 1142 1090 1227 misericordiamque
1109 1150 1179 1213 de·

358 1259 510 1331 ducatum
542 1251 599 1315 nisi
620 1275 731 1318 omnes
750 1255 773 1317 ii
796 1262 905 1320 motus
917 1301 929 1333 ,
952 1277 1036 1339 quoe
1052 1269 1167 1348 orator·

304 1414 307 1422 .
356 1368 506 1431 adhibere
518 1368 605 1430 volet
618 1356 726 1452 iudici,
750 1368 861 1450 inipso
876 1377 1006 1433 oratore
1021 1362 1160 1457 impredi

356 1463 419 1546 esse
438 1488 534 1561 atque
551 1478 647 1542 inusti
669 1480 872 1545 videbuntur.
916 1480 1160 1568 Quodsisfidtns

357 1594 475 1675 aliquis
492 1593 582 1656 dolor
595 1590 809 1674 suscipiendus
822 1594 914 1671 esset,
938 1592 973 1658 δι
988 1592 1016 1658 sr
1029 1596 1065 1659 in
1080 1596 1158 1679 ejus·

356 1707 444 1779 modi
460 1724 576 1787 genere
592 1706 744 1768 orationis
761 1707 841 1770 nihii
856 1705 947 1782 esset,
971 1705 1035 1799 nisi
1045 1710 1156 1774 fulsum

247 1878 249 1881 .
355 1827 453 1901 atque
473 1818 655 1882 imitatione
672 1816 870 1895 simulatum,
900 1810 1005 1899 major
1026 1839 1082 1887 arc
1100 1822 1154 1887 ali·

355 1952 420 2017 qua
429 1929 556 1994 forsitan
568 1930 643 1994 osset
653 1932 854 2014 requirenda.
884 1931 1067 2016 Nuneego,
1083 1935 1156 2019 quid

354 2048 429 2122 tibi,
454 2043 568 2119 Crasse,
591 2045 669 2126 quid
684 2045 799 2107 ceteris
809 2045 942 2120 accidat,
966 2047 1094 2112 nescio:
1118 2049 1154 2111 de

355 2182 409 2224 me
424 2167 531 2222 autem
546 2159 637 2221 causa
653 2158 740 2220 nulla
755 2156 814 2235 est,
837 2179 893 2220 cur
905 2160 991 2240 apud
1008 2160 1153 2226 homiues

352 2246 607 2358 prudentiffimoe
639 2281 737 2351 atque
772 2269 972 2335 amicissimos
1005 2276 1151 2339 mentiar.

353 2409 419 2451 non
440 2386 622 2448 mehercule
645 2403 797 2465 umquam
818 2387 903 2465 apud
922 2385 1068 2466 judices,
1101 2382 1151 2451 uut

352 2502 512 2574 dolorem,
536 2508 594 2560 aut
615 2498 879 2572 misericordiam,
904 2506 960 2559 aut
978 2499 1151 2576 invidiam,
1187 2527 1191 2545 ·v

352 2626 409 2677 aut
426 2613 534 2674 odium
551 2611 690 2670 excitare
709 2611 842 2672 dicendo
865 2607 970 2685 volui;
997 2590 1078 2693 quin
1093 2612 1152 2695 ipse

350 2727 385 2789 in
405 2725 641 2786 commovendis
655 2722 832 2802 judicibus,
855 2722 893 2784 iis
910 2721 983 2805 ipsis
1001 2724 1152 2802 sensibus,

352 2840 393 2902 cd
414 2856 496 2918 quos
513 2836 585 2897 iilos
603 2838 759 2897 adducere
776 2836 911 2921 uellem,
934 2855 1152 2919 permoverer.

277 2946 333 3022 '190
351 2952 468 3032 Neque
484 2949 569 3009 enim
582 2949 674 3011 facile
690 2948 733 3009 est
748 2948 911 3027 perficere,
936 2959 974 3012 ut
989 2951 1152 3028 irascatur,

351 3066 403 3129 cui
417 3066 456 3127 tu
477 3063 574 3137 velis,
598 3061 714 3141 judex,
739 3058 760 3121 fi
780 3063 894 3143 tuipse
911 3063 944 3127 id
961 3062 1053 3128 lente
1072 3067 1152 3129 serre

349 3181 499 3249 videare3
523 3185 680 3256 nequent
698 3174 801 3236 oderit
818 3196 908 3252 eum,
931 3195 1031 3259 quem
1044 3187 1085 3241 tu
1101 3200 1152 3244 ve·

348 3294 402 3367 lis,
425 3288 481 3353 nisi
496 3288 628 3367 teipsum
642 3286 827 3356 flaoruntem
841 3289 914 3351 odio
927 3296 1002 3353 ante
1016 3290 1150 3368 viderit3

348 3425 452 3486 neque
469 3404 508 3464 ad
524 3401 767 3464 misericordiam
782 3402 969 3476 adducetur,
992 3401 1053 3465 nist
1066 3406 1099 3468 ei
1117 3413 1152 3468 tu

347 3515 435 3596 signu
458 3516 577 3578 dosoris
601 3515 650 3575 tui
678 3513 802 3588 verbis,
833 3512 1020 3592 sententiis,
1054 3538 1152 3594 voce,

286 3659 288 3663 ·
334 3622 460 3706 ¹uultu,
487 3626 936 3719 collacrymatione‘denique
962 3625 1151 3696 ostenderis.
1194 3652 1196 3657 ·
