2725 4350
302 460 369 547 29⁶
463 454 933 528 occorrono
1020 462 1024 470 ·

305 653 559 712 commoremur,
581 639 619 699 ut
634 632 851 717 disputemus,
874 632 1000 714 quibua
1015 632 1099 699 rebus

306 744 597 832 essequipoffimus‚
618 753 720 824 ntea,
743 763 817 829 quae
831 745 994 823 dicamur,
1016 746 1104 810 intei-

235 860 239 869 '
264 860 460 941 diligantur.
496 858 740 926 Lntinescilicet
753 838 900 936 dicendo,
922 858 1033 924 verbio
1046 858 1104 922 uii-

307 974 408 1046 tntir,
432 992 469 1036 nc
492 972 620 1056 proprie
640 970 929 1056 demonstrantibus
950 990 992 1037 en
1003 1016 1014 1050 ,
1037 991 1105 1056 quae

309 1084 478 1169 fignificari
492 1107 529 1149 nc
539 1086 694 1177 declarari
707 1084 861 1161 volemus,
877 1080 945 1149 fine
958 1086 1106 1168 ambiguo

310 1199 409 1268 verbo
430 1211 488 1263 nut
508 1198 670 1275 sermone,
699 1218 764 1264 non
782 1197 878 1261 nimio
892 1196 994 1279 longe
1010 1198 1108 1261 conti·

279 1379 281 1384 ,
311 1313 468 1377 nuatione
484 1314 664 1385 verborum,
686 1331 750 1374 non
769 1311 859 1375 valde
876 1308 1044 1396 produffls
1062 1312 1108 1387 iic,

312 1443 388 1508 quae
405 1422 617 1489 fimssitudinis
635 1422 728 1487 causa
742 1423 782 1489 ex
801 1422 871 1485 aliis
890 1424 988 1487 rebus
1010 1432 1110 1488 tranr-

310 1537 473 1614 feruntur,
494 1555 559 1599 non
574 1532 737 1618 discerptis
751 1534 924 1613 sententiis,
949 1556 1018 1601 non
1031 1556 1110 1620 prae·

310 1648 445 1732 posteri·
460 1646 675 1731 temporibus,
706 1667 771 1712 non
792 1646 929 1712 coninfir
952 1648 1110 1729 personis,

311 1779 379 1826 non
392 1749 575 1842 perturbato
589 1761 711 1825 ordine.
731 1760 819 1838 Quid
834 1760 960 1826 multe?
983 1742 1052 1826 tem
1064 1762 1110 1827 in·

311 1872 383 1936 cilio
396 1870 441 1939 cst
454 1880 523 1936 toto
540 1893 590 1938 rer
598 1918 609 1952 ,
633 1880 671 1938 ut
682 1873 762 1937 mibi
774 1872 950 1956 permirum
961 1872 1052 1959 ‹soepe
1067 1875 1111 1941 vi·

202 2012 204 2014 ·
311 1984 446 2063 deutur,
467 2005 543 2050 cnm
557 1984 944 2068 difficiiinosntessigatur,
969 1989 1048 2071 quid
1062 2007 1115 2072 pa·

311 2103 428 2163 tronus
451 2100 530 2165 velit
548 2099 677 2177 dicere,
707 2096 846 2183 quamsi
869 2100 933 2184 ipse
954 2100 1031 2178 ille,
1061 2102 1113 2185 qui

269 2223 484 2298 gopntronum
504 2213 652 2288 adhibet,
681 2214 720 2276 de
740 2233 776 2277 rc
798 2213 851 2276 soa
872 2213 1006 2278 diceret.
1062 2215 1114 2279 isti

314 2326 421 2402 enirn,
444 2325 501 2408 qui
521 2326 562 2388 ad
581 2343 639 2387 nos
663 2324 771 2389 causas
796 2327 961 2403 deserunt,
985 2328 1033 2390 ito
1056 2347 1114 2392 nor

311 2439 504 2521 pierumque
515 2436 571 2520 ipfi
584 2439 715 2513 dorent,
738 2447 776 2501 ut
791 2458 854 2501 non
868 2436 1028 2503 defideres
1049 2441 1115 2522 pla·

311 2550 387 2616 nius
403 2532 477 2614 dici.
520 2550 653 2614 Easdem
669 2569 721 2613 res
734 2558 845 2621 nutem
858 2549 991 2614 fimulac
1006 2551 1114 2617 Fufius

313 2671 373 2727 aut
391 2662 493 2727 vester
506 2661 639 2745 aequalis
661 2663 869 2745 PomponIur,
893 2683 989 2747 agere
1004 2668 1115 2748 coepit,

313 2793 380 2839 non
395 2795 503 2857 aeque,
527 2775 605 2858 quid
624 2775 724 2853 dicat,
747 2774 804 2838 nisi
821 2779 996 2840 admodum
1010 2786 1118 2844 atten-

313 2885 365 2964 di,
387 2888 547 2970 intelligor
568 2889 614 2950 ita
630 2888 760 2951 confusa
772 2888 816 2952 est
832 2888 951 2965 oratio,
976 2891 1025 2954 ita
1043 2911 1118 2974 per·

311 3002 457 3077 turbata,
481 3001 561 3064 nihil
574 3008 613 3063 ot
625 2997 664 3062 fit
680 3002 830 3083 primum,
854 3001 933 3065 nihil
947 3010 988 3064 ut
1002 3003 1119 3068 secun·

260 3123 266 3135 ’
312 3113 404 3189 dum,
426 3121 579 3197 tantaque
589 3113 756 3177 insolentia
769 3133 807 3178 ac
823 3115 914 3178 turba
925 3116 1117 3196 verborum,

312 3230 352 3288 ut
367 3225 491 3304 oratio,
514 3245 588 3309 quae
601 3226 711 3307 lumen
726 3226 876 3291 adhibere
891 3226 986 3292 rebus
1007 3230 1117 3307 debet,

310 3354 350 3401 ea
364 3337 588 3402 obscuritatem
600 3338 635 3404 δι
650 3339 797 3405 tenebras
813 3337 935 3415 afferat,
957 3347 1060 3422 etque
1077 3349 1117 3409 ut

308 3451 546 3529 quodammodo
565 3448 621 3534 ipfi
641 3449 698 3517 fibi
719 3453 752 3516 iu
776 3452 908 3517 dicendo
930 3450 1117 3537 obstrepere

257 3557 489 3650 prvidenntur.
532 3561 670 3647 Verum,
690 3562 847 3652 fiplrcet,
871 3564 1028 3668 quoniam
1041 3567 1117 3636 haec

180 3724 279 3802 ἱ
394 3716 397 3723 .
