2725 4350
306 551 369 616 142
463 499 543 597 'DE
571 523 947 629 I'NVENTIONE

177 710 183 722 ‘
259 725 292 785 81
305 703 426 772 infesto
438 700 552 771 haberi
568 684 862 789 oporterea'postea
873 706 1110 798 impudentiam

304 818 521 892 demonstrare
538 837 671 897 eorum,
696 817 754 903 qui
767 839 841 883 eum
858 837 943 885 nunc
956 828 1041 905 apud
1053 826 1109 908 ju.

302 933 391 999 dices
408 927 574 1008 accusent,
598 946 696 1014 quem
710 930 774 997 fine
785 928 947 1014 judicibus
959 931 1015 1019 ipsc
1029 917 1109 1001 cone

302 1041 509 1116 demuari'nte
539 1043 575 1109 dt
596 1046 636 1110 de
656 1059 696 1109 eo
716 1041 872 1129 judicium
894 1048 1013 1113 faciant
1025 1090 1036 1126 ‚
1064 1052 1106 1117 de

266 1194 271 1208 ·
301 1178 366 1247 quo
387 1145 459 1244 jaro¹
476 1151 534 1242 ipsi
559 1152 748 1241 sunplicium
774 1155 948 1229 sumserint.
993 1158 1105 1229 Postea

276 1265 279 1269 ’
299 1272 573 1359 perturbationem
589 1265 702 1353 judicii
720 1270 862 1335 suturam
881 1274 1042 1352 dicemus,
1067 1274 1105 1342 dr

298 1381 426 1471 iudices
446 1380 596 1467 longius,
620 1397 718 1466 quam
742 1384 930 1467 potestatem
949 1387 1101 1467 habeant,

297 1495 538 1585 progressuros,
566 1491 590 1568 sr
611 1495 706 1588 simul
726 1497 759 1563 δι
783 1496 823 1561 de
840 1517 912 1575 reo,
938 1498 972 1564 δι
989 1502 1035 1566 de
1048 1522 1101 1583 eo,

254 1631 257 1646 ²
299 1591 397 1698 qoem
415 1630 489 1675 reus
510 1619 641 1693 arguat,
661 1604 860 1694 judicarint:
883 1613 1014 1691 deiude,
1037 1615 1099 1680 hor

298 1721 540 1791 ficonstitutum
554 1718 601 1801 fit,
625 1732 664 1789 ot
679 1733 809 1808 peccata
823 1719 969 1789 homines
985 1741 1098 1810 pecca·

294 1836 350 1917 tis,
375 1838 409 1903 ἃ
425 1833 558 1919 iujurias
570 1820 696 1933 injuriis
711 1837 918 1915 ulciscantur,
940 1852 1099 1924 quantum
1129 1917 1131 1922 ¹

296 1950 575 2019 incommodorum
593 1945 825 2035 consequaturt
849 1969 886 2014 ac
907 1950 930 2013 fi
946 1955 1032 2017 idem
1047 1927 1102 2019 fa·-
1120 1949 1121 1958 ’

185 2072 187 2077 ’
217 2114 224 2124 ,
297 2082 370 2131 cere
386 2061 461 2149 ipse,
484 2062 540 2148 qui
552 2062 637 2128 nunc
649 2058 954 2140 accuset,·voluiffet‚
978 2090 1018 2129 ue
1035 2070 1097 2131 hoc

188 2172 193 2179 ’
294 2182 424 2266 quidem
441 2177 506 2262 ipso
524 2175 699 2261 quidquam
713 2194 792 2261 opus
805 2174 897 2242 fuisse
909 2180 1049 2261 judicio:
1072 2182 1096 2245 fi

240 2345 244 2350 -
295 2313 371 2361 vero
388 2292 487 2358 ceteri
500 2276 631 2374 quoque
642 2292 729 2355 idem
741 2288 874 2367 iaciant,
900 2296 1030 2356 omnino
1044 2297 1095 2375 ju-

189 2457 193 2465 ,
250 2405 414 2477 iodicium
428 2401 551 2470 nulium
570 2402 729 2469 futurum.
776 2400 884 2468 Postea
900 2409 1093 2471 demonstra-1

292 2521 399 2601 bitur,
422 2539 482 2595 ne,
504 2513 526 2580 si
539 2514 657 2600 judicio
671 2516 799 2599 quidem
814 2513 869 2581 illa
885 2515 1031 2583 damnata
1043 2520 1093 2581 ese

292 2633 357 2709 set,
379 2633 414 2703 in
437 2648 533 2714 quam
555 2631 588 2694 id
609 2630 731 2694 crimen
751 2629 790 2695 ab
815 2638 870 2694 reo
892 2624 1096 2709 conferatur(

292 2743 427 2831 potuisse
441 2740 527 2806 hunc
541 2741 640 2827 ipsum
655 2741 696 2808 de
710 2739 766 2806 isla
781 2742 971 2828 supplicium
985 2744 1088 2808 sume-

292 2874 350 2924 re:
375 2875 473 2940 quare
494 2852 557 2944 effe
575 2854 765 2939 indignum,
794 2874 888 2934 eum,
913 2856 971 2941 qui
989 2878 1028 2923 ne
1050 2863 1091 2924 de

292 2970 444 3036 damnata
458 2969 713 3053 quidempocnas
727 2972 850 3035 sumere
865 2971 1024 3054 potuisset,
1048 2973 1090 3037 do

205 3133 207 3137 -
244 3150 248 3169 s
290 3101 330 3149 ea
344 3083 530 3167 supplicium
544 3082 696 3160 sumsisse,
720 3104 794 3167 quae
811 3104 851 3148 ne
865 3083 1001 3149 addusta
1017 3088 1088 3168 qui-

255 3192 257 3199 ’
290 3196 363 3268 ciem
379 3196 417 3260 fit
432 3197 465 3260 in
478 3195 644 3280 Iudicium.
692 3200 814 3262 Deinde
834 3197 1026 3281 postulabit,
1049 3208 1088 3262 ut

288 3308 411 3394 legem,
434 3329 499 3393 qua
520 3311 590 3393 lege
609 3308 740 3390 fecerit,
764 3311 914 3395 proferat.
961 3313 1086 3376 Deinde

289 3425 556 3508 quemadmodum
571 3424 605 3486 in
624 3427 862 3508 comparatione
877 3427 1085 3507 praecipieba-

289 3554 372 3610 mus,
397 3537 533 3612 utillud,
547 3540 631 3618 quod
646 3537 900 3622 comparabitur,
923 3547 1083 3602 extenua·

168 3680 170 3684 ·
271 3653 421 3714 returab
434 3649 621 3724 accusatore
635 3670 735 3735 quam
748 3651 904 3716 manime:
923 3650 1010 3713 sicin
1022 3653 1083 3716 noc
1108 3632 1112 3639 ⁷
