2725 4350
348 547 393 616 74
516 525 586 591 un
616 502 986 612 invnnm'onn
1043 518 1044 521 ‘

349 701 384 768 δι
407 689 704 779 commemorando,
736 722 800 766 non
820 702 915 765 modo
934 687 998 765 non
1017 687 1081 765 esse
1100 683 1165 767 re·¹

347 817 538 902 prehensum
549 812 725 895 judicium,
748 814 801 879 sed
819 816 858 890 ab
872 815 1021 879 'omnibus
1035 835 1153 898 appro-

348 931 477 1003 batum3
501 926 535 991 δι
560 926 821 1004 demonstrando,
844 926 1005 1016 diffioiiius
1028 928 1063 993 δι
1083 949 1156 992 ma·

347 1043 400 1134 jus
416 1040 509 1107 fuiiie
521 1040 752 1123 idjudicatum,
776 1045 860 1124 quod
873 1042 1038 1119 afferatur,
1054 1061 1155 1124 quam

348 1157 401 1232 id,
423 1157 511 1238 quod
531 1149 641 1219 instet:
672 1176 713 1219 ex
736 1156 905 1219 contrariis
929 1156 1026 1233 locis,
1053 1154 1077 1219 fi
1101 1175 1154 1221 res

247 1263 249 1267 ’
349 1278 407 1334 aut
429 1286 526 1347 vera,
557 1266 616 1332 out
640 1265 818 1333 verisimilis
844 1271 1029 1352 permittat,
1060 1268 1155 1334 infir·

350 1383 433 1446 mari
449 1381 620 1466 oportebit.
664 1383 773 1464 Atque
786 1384 847 1448 erit
860 1384 1090 1449 observandum
1105 1383 1157 1446 di·

347 1496 503 1579 ligenter,
525 1516 568 1560 ne
581 1494 663 1558 nihil
679 1496 776 1571 adid,
799 1518 863 1579 quo
877 1500 917 1561 de
933 1505 1057 1580 agatur,
1079 1515 1152 1579 per-

348 1611 451 1674 tinent
467 1611 520 1688 id,
543 1610 628 1692 qood
642 1607 821 1691 judicatum
833 1608 889 1674 fit:
914 1610 948 1675 δι
963 1607 1151 1688 videndum,

348 1744 391 1788 ne
407 1743 513 1804 eures
530 1701 728 1803 proferatur,
751 1723 785 1788 in
799 1722 911 1808 quasit
923 1717 1091 1803 offensum,
1112 1718 1153 1789 u't

229 1905 231 1909 ,
326 1842 328 1845 ’
349 1840 390 1902 de
405 1835 488 1921 ipso,
512 1827 569 1919 qui
589 1835 759 1919 judicarit,
782 1838 939 1919 judicium
957 1838 1029 1903 fieri
1037 1839 1155 1903 videa-

304 1958 337 2017 83
349 1958 414 2015 tur.
448 1949 586 2034 Oportet
599 1958 708 2015 autem
723 1952 990 2031 animadvertere,
1007 1973 1060 2031 ne,
1079 1974 1156 2024 oum

326 2063 328 2067 ’
348 2066 443 2129 aliter
456 2066 557 2127 multa
568 2062 629 2127 fint
642 2064 794 2145 judicata,
818 2065 994 2130 solitarium
1011 2068 1154 2148 aliquod,

347 2188 406 2244 aut
422 2199 535 2243 rarum
546 2173 725 2262 judicatum
741 2179 902 2244 afferatur.
934 2181 1017 2244 Nam
1032 2181 1082 2244 his
1101 2199 1154 2244 re·

342 2294 410 2360 nus
433 2289 610 2358 austoritas
627 2293 764 2377 judicati
786 2295 926 2359 maxime
945 2294 1045 2376 potest
1063 2294 1155 2358 infir-

346 2409 441 2472 mari.
486 2382 595 2487 Atque
610 2426 648 2472 ea
663 2409 814 2490 quidem,
844 2427 917 2490 quae
933 2406 1020 2490 qua'ii
1035 2409 1154 2490 proba-

343 2504 424 2583 Jb-ffia
452 2520 643 2596 sumentur,
676 2522 717 2584 ad
748 2523 836 2584 hunc
869 2508 997 2584 modum
1030 2521 1152 2582 tentari

278 2632 333 2723 45
350 2628 535 2714 oportebit.¹
568 2634 654 2706 Quae
671 2653 746 2696 vero
765 2633 857 2699 sicuti
871 2632 1040 2699 neceffaria
1054 2632 1157 2694 indu·

347 2752 476 2822 centur,
499 2766 538 2808 ea
557 2743 579 2807 si
600 2750 684 2809 forte
700 2746 914 2811 imitabuntur
925 2744 1028 2812 *modo
1044 2747 1156 2810 neces·

319 2868 322 2873 '
346 2847 462 2922 sariim
479 2859 792 2940 argumentationem
803 2852 823 2938 ,’
837 2883 941 2944 neque
963 2872 1058 2927 erunt
1072 2861 1157 2942 ejus·

227 2951 229 2953 ‚
345 2972 445 3051 modi,
468 2971 511 3036 fic
524 2974 810 3056 reprehendentur.
856 2976 998 3040 Primum
1014 2974 1159 3057 comple·

345 3087 419 3162 xio,
442 3104 535 3169 quoe,
558 3096 667 3149 utrum
684 3087 891 3165 concefferis,
915 3091 1010 3153 debet
1025 3092 1156 3167 tollere,

342 3197 458 3265 {ivero
472 3199 528 3277 est,
543 3204 983 3284 nunquamreprehendetur3
1008 3200 1154 3280 insalsa,

344 3314 473 3378 duobus
489 3313 605 3389 modis,
627 3322 686 3377 aut
699 3314 921 3392 converfione,
945 3326 1004 3378 aut
1020 3316 1153 3379 alterius

342 3427 444 3510 partis
459 3425 689 3492 infirmatione.
722 3427 943 3504 Converfione‚
959 3430 1020 3491 hoc
1036 3431 1155 3493 modoz

342 3515 355 3557 ’ζ
389 3545 471 3600 Nam
487 3541 517 3619 fi
532 3551 670 3616 veretur,
703 3544 776 3622 quid
800 3566 864 3604 eum
884 3545 1015 3620 accides,
1046 3545 1155 3622 quiesi

828 3659 957 3735 probust
