2725 4350
283 526 423 606 ...132
522 510 991 582 ouonaronu

356 689 503 753 tendere.
545 690 660 771 ltaque
683 689 772 766 leci,
800 688 938 767 Catule,
967 688 1008 756 ac
1030 689 1159 759 istorum

358 803 502 867 omnium
517 802 700 866 summatim
716 800 824 866 causas
841 800 875 866 δι
889 822 1014 885 genera
1027 805 1159 890 ipsagn-

290 885 345 1043 1353
358 914 448 981 stavl.
492 914 595 982 Valde
612 916 756 990 hercule,
779 916 885 998 inquit
899 918 1054 997 Catulus,
1077 911 1158 985 timi·

357 1139 399 1204 sm
418 1151 507 1205 tuam
530 1152 671 1205 mentem
694 1143 733 1205 ai
752 1141 985 1225 philosophiam
1005 1145 1159 1228 appulisti,

357 1274 456 1337 quam
478 1255 549 1317 haec
571 1255 684 1323 ciuitas
708 1254 869 1335 aspernata
896 1275 1083 1339 numquam
1109 1257 1159 1323 el,

358 1366 442 1434 Nam
463 1366 497 1432 ἃ
514 1369 631 1432 referta
644 1369 805 1451 quondam
822 1368 916 1431 Italla
935 1368 1160 1462 Pythagoreo·

358 1499 433 1546 rum
445 1482 525 1558 suit,
547 1488 616 1544 tum
626 1527 636 1558 ,
659 1501 734 1544 cum
748 1488 819 1544 erat
837 1481 869 1543 in
888 1481 950 1543 hac
971 1491 1084 1563 geute⁸
1096 1503 1159 1547 ma·

357 1613 420 1677 gna
435 1593 490 1657 illa
510 1591 655 1657 Graeciar
676 1615 717 1658 ex
735 1614 799 1675 quo
817 1594 916 1658 etiam
938 1596 1076 1677 quidam
1094 1595 1159 1662 Nu·

333 1784 335 1788 ,
357 1726 443 1771 mam
461 1708 664 1789 Pompilium,
686 1726 799 1787 regem
808 1706 963 1785 nostrum,
984 1707 1084 1774 fuisse
1099 1710 1158 1795 ry·

357 1819 547 1902 thagoreum
567 1821 698 1895 serunt3
722 1819 776 1901 qui
791 1823 883 1884 annis
895 1801 1074 1903 permultis
1091 1830 1157 1888 ante

295 1977 297 1982 -
356 1933 437 2008 fuit,
459 1952 556 2017 quam
571 1932 636 2015 ipse
654 1932 870 2015 Pythagoraa:
893 1952 960 2015 quo
974 1933 1081 2000 etia‘m
1096 1953 1157 1999 ma·

355 2045 408 2129 jor
424 2048 473 2110 vir
492 2046 659 2110 habendus
680 2045 744 2121 est,
768 2064 843 2109 eum
865 2045 954 2109 illam
969 2046 1155 2131 sapientiam

357 2160 590 2227 constituendae
608 2160 749 2222 civitatis
775 2159 900 2223 duobus
918 2177 1021 2243 prope
1047 2141 1156 2228 secusia

356 2285 431 2340 ante
446 2275 615 2356 cognovit,
638 2292 736 2354 qnam
754 2292 825 2336 eam
844 2273 953 2336 Graeci
969 2281 1084 2338 natam
1100 2272 1156 2339 elle

354 2388 530 2453 senserunt.
562 2386 595 2449 δι
613 2396 702 2449 certe
722 2406 785 2448 non
803 2387 878 2449 tulit
894 2387 977 2449 ulloa
993 2387 1068 2450 haec
1083 2388 1157 2452 cirl-

354 2509 405 2565 taa
422 2512 478 2565 ant
491 2499 593 2582 gloria
610 2499 778 2574 clariores,
802 2506 859 2562 aut
875 2496 1073 2568 auetoritate
1090 2518 1157 2583 gra·

354 2615 480 2690 viores,
503 2621 560 2675 aut
579 2613 781 2675 humanitate
802 2612 988 2696 politiores,
1012 2612 1049 2678 P.
1072 2613 1157 2678 Afri·
1198 2622 1202 2703 ι’

354 2743 454 2802 cano,
478 2726 515 2791 C.
534 2725 653 2800 Laeiio,
676 2724 713 2786 L.
732 2725 835 2800 Furio,
859 2726 914 2800 qul
931 2727 1158 2791 secumerudi·
1200 2772 1202 2777 .

352 2836 484 2903 tissimus
499 2839 647 2902 homines
660 2858 699 2900 ex
710 2835 834 2899 Graecia
843 2838 947 2918 palam
966 2837 1094 2922 semper
1103 2841 1159 2903 ha·

283 2956 335 3016 155
352 2954 501 3016 buerunt.
555 2938 663 3030 Atque
686 2970 745 3030 ego
769 2971 807 3013 ex
834 2949 900 3012 istis
922 2950 1005 3032 saepe
1030 2953 1158 3029 audivi,

351 3082 424 3129 cum
442 3066 602 3139 dicerent,
625 3073 807 3145 pergratum
825 3063 1038 3128 Athenienses
1053 3063 1090 3129 ἃ
1105 3064 1159 3129 fibi
1200 3070 1202 3075 ’

347 3177 470 3249 fecisse,
496 3177 527 3240 lit
544 3178 654 3239 multis
668 3176 865 3257 principibus
881 3176 1035 3253 civitatis,
1057 3181 1159 3258 quod,
1200 3156 1202 3163 Ι

347 3312 422 3356 aum
443 3293 481 3354 ad
501 3290 643 3353 senatum
662 3294 783 3368 legatos
801 3293 840 3350 de
858 3287 919 3350 suia
936 3290 1091 3353 maximis
1111 3310 1161 3355 re·

276 3431 280 3448 ’
346 3405 410 3469 bus
423 3378 608 3478 mitterent,
630 3418 697 3465 tres
715 3404 804 3464 illius
823 3402 928 3464 aetatis
946 3401 1160 3473 nobiliffimor

305 3548 309 3557 -
344 3517 548 3598 philosophos
565 3516 731 3593 misissent,
756 3514 968 3585 Carneadem,
994 3513 1032 3578 δι
1051 3518 1162 3582 Crito·

346 3628 445 3707 laum,
463 3629 497 3696 &
511 3631 702 3716 Diogenem.
731 3634 924 3714 ltaqueeos,
945 3630 1025 3693 dum
1040 3631 1160 3697 Rome
