2725 4350
504 510 798 586 BRVTVS.
986 542 1049 634 pop

250 691 438 768 abundans,
453 709 524 778 ¹notu
540 689 633 774 inope
646 698 780 756 tamen:
808 709 874 758 uon
892 691 984 760 valde
999 696 1048 760 nia

252 777 341 884 tene,
363 822 429 869 non
441 803 536 888 plane
550 803 679 868 horrida
695 804 816 870 orado:
836 825 911 884 vox,
933 806 1051 890 gestus,

256 915 407 984 &omnin
419 913 505 982 afflo
518 913 721 1008 finalepore:
744 925 779 981 at
791 918 1051 999 ininvenieudie,

260 1029 545 1115 componendisque
565 1029 660 1094 rebru
686 1030 768 1095 mira
792 1031 978 1098 accuratio:
1012 1040 1051 1098 ut

259 1159 318 1208 non
336 1145 433 1209 molle
450 1142 484 1207 in
499 1143 566 1207 ullo
581 1143 816 1226 diligentiorem
831 1145 1052 1232 majoremque
1080 1133 1089 1146 ⁸

260 1256 471 1340 numerarim,
493 1254 640 1342 sedeam,
654 1263 693 1320 ut
706 1257 800 1324 citius
811 1259 1052 1340 veteratoriam,

262 1387 350 1452 quam
367 1367 541 1434 oratoriam
558 1370 694 1458 diceres.
738 1369 803 1435 Hic
824 1369 881 1434 etsi
901 1348 1051 1438 etiam'in

262 1483 390 1566 publicis
401 1479 502 1546 oaofia
517 1482 721 1567 probabatur,
744 1491 852 1549 tamen
867 1483 901 1548 in
916 1485 1052 1569 privatio

263 1593 457 1660 illustriorem
470 1594 635 1660 obtinebat
648 1596 768 1661 locum.
800 1597 836 1663 C.
847 1598 960 1664 deiude
970 1599 1050 1678 Piso,
1061 1589 1116 1696 68

262 1705 414 1783 iturine,
436 1705 635 1773 &sermonis
647 1711 763 1793 plenus
777 1718 895 1788 orator,
919 1713 1052 1781 minime
1064 1713 1117 1771 23⁹
1192 1748 1196 1752 ·

262 1817 308 1886 ille
331 1822 464 1906 quidem
487 1822 598 1886 tardor
616 1821 650 1885 in
674 1824 901 1912 excogitando,
924 1847 1054 1893 verum·

261 1939 363 1998 buren
386 1933 484 1999 vultu
505 1931 540 1998 dr
566 1931 792 2015 fimulatione,
827 1937 932 2003 multo
954 1940 1053 2006 etiam

261 2047 397 2123 acutior,
418 2064 515 2130 quam
536 2054 626 2126 erat,
649 2049 827 2116 videbatur.
872 2049 956 2117 Nam
981 2053 1054 2135 eiua

261 2160 415 2245 aqualem
435 2160 491 2226 Μ’.
512 2157 739 2241 Glabrionem,
770 2164 850 2230 bene
873 2164 1053 2234 institutum

218 2318 220 2325 -
263 2274 309 2337 avi
322 2271 475 2338 Scaevoiae
498 2274 679 2357 diligentia,
701 2277 807 2340 socors
822 2277 917 2362 ipfius
937 2288 1052 2342 natura

263 2387 479 2469 negligensque
493 2390 685 2453 tardaverat.
728 2389 835 2454 Etiam
851 2392 888 2454 L.
901 2391 1052 2474 Torqua·

261 2502 325 2575 m,
348 2500 478 2582 elegans
493 2501 527 2564 on
542 2501 694 2578 dicendo,
717 2503 751 2565 in
767 2486 972 2568 existimando
995 2505 1051 2568 ar-

261 2614 386 2676 nodum
412 2616 573 2696 prudens,
602 2622 672 2677 toto
696 2637 812 2698 genere
839 2620 1050 2700 perurbanus.

261 2721 347 2789 ileos
367 2734 475 2789 autem
494 2727 627 2809 aequalis
649 2728 707 2792 Cn.
723 2729 915 2815 Pompejus,
943 2732 992 2796 vir
1011 2733 1053 2796 ad

261 2838 363 2900 omnia
382 2839 502 2900 summa
523 2848 615 2902 natur
626 2886 637 2917 ‚
661 2840 815 2923 majorem
836 2846 961 2908 dicendi
983 2847 1053 2926 glo·

260 2949 335 3014 riam
351 2949 525 3027 habuifl'et‚
547 2950 604 3014 nifi
625 2974 698 3018 eum
722 2954 851 3037 majoris
868 2958 977 3038 glorior
996 2977 1051 3019 ou-

258 3063 372 3145 piditao
394 3065 435 3127 ad
452 3065 709 3159 bellicaslaudes
726 3068 928 3134 abstraxisset.
973 3070 1052 3130 Erat

257 3177 400 3273 oratione
411 3174 485 3239 satis
498 3177 635 3260 amplus,
646 3199 711 3242 rem
727 3183 900 3262 prudenter
913 3181 1051 3245 videbat:

256 3286 339 3352 attio
363 3308 439 3353 vero
460 3288 529 3371 ejus
543 3290 679 3354 habebat
701 3290 734 3356 dr
752 3295 786 3356 in
805 3315 882 3359 voce
900 3313 1051 3375 magnum
1086 3283 1089 3289 ’
1165 3312 1169 3317 ·

254 3399 463 3493 iplendorem,
485 3401 519 3464 δι
534 3402 566 3465 in
582 3413 671 3466 motu
684 3405 835 3470 summam
852 3406 1052 3488 dignitatem.

254 3510 367 3578 Noster
378 3515 456 3577 item
470 3516 602 3596 aequalis
613 3517 653 3578 D.
664 3514 802 3596 Silanus,
827 3519 957 3583 vitricus
965 3526 1052 3594 tuus,
1066 3545 1121 3602 240

254 3624 346 3693 studii
366 3626 422 3692 iile
442 3627 572 3711 quidem
594 3630 706 3695 habuit
728 3653 794 3697 non
818 3631 977 3723 multum,
1000 3630 1053 3696 sed
