2725 4350
292 531 403 593 204.
544 504 839 619 BRVTVS.
1054 502 1057 506 ’

213 703 215 714 ·
292 689 366 753 dem
379 683 467 766 quod
480 682 581 758 volui,
604 690 694 745 tanta
706 684 741 746 in
756 693 792 746 re
806 681 996 789 qonsacuma
1007 680 1087 774 sum.

272 808 277 825 ‘
293 798 356 865 Sed
374 799 453 862 scire
470 797 580 877 cupio,
603 814 676 876 quae
696 804 736 887 te⁴
751 797 851 876 Attici
864 796 981 860 litterae
1002 798 1089 861 deie-

292 908 478 992 staverinti
505 907 687 981 ismenem,
709 881 1003 991 inquam,'Brut‘e,
1025 929 1089 973 non

292 1031 389 1091 modo
406 1019 649 1089 delestationem
663 1022 754 1100 mihi,
776 1022 951 1097 sedetiam,
971 1021 1091 1105 urspe-

292 1161 348 1219 το,
379 1139 510 1204 salutem
534 1136 723 1201 attulerunt.
773 1132 950 1199 Salutem?
983 1134 1092 1217 inquit

290 1254 360 1318 ille.
397 1253 560 1336 quodnam
582 1269 685 1331 genua
708 1246 787 1312 istuc
809 1256 876 1312 tam
890 1248 1091 1332 praeclarum

291 1367 472 1432 litterarum
496 1364 592 1429 fuit?
622 1364 675 1425 An
698 1363 777 1427 mihi
795 1363 915 1447 potuit,
944 1363 1090 1446 inquam,

292 1480 357 1550 eise
378 1488 436 1543 aut
455 1480 576 1560 gratior
597 1476 666 1541 ulla
686 1475 851 1553 salutatio,
879 1483 938 1539 aut
959 1477 1000 1539 ad
1026 1456 1089 1539 hoe

291 1601 421 1674 tempus
435 1594 549 1671 aptior,
571 1609 666 1673 quam
683 1588 769 1652 illius
783 1589 868 1664 libri,
890 1609 952 1671 quo
968 1608 1022 1652 me
1036 1588 1092 1652 hie

291 1702 425 1780 affatus,
449 1702 537 1787 quafi
550 1704 708 1786 jacentem
722 1701 896 1778 excitarit?
917 1701 1007 1766 Tum
1022 1701 1089 1778 ille,

246 1820 284 1885 '14
292 1818 419 1900 Nempe
440 1836 515 1881 eum
536 1817 633 1891 dieis,
655 1816 775 1896 inquit,
797 1833 863 1898 quo
878 1814 936 1878 iste
958 1834 1089 1882 omnem

290 1951 398 1998 rerum
414 1929 600 1994 memoriam
615 1928 773 2004 breviter,
795 1926 829 1993 dr
838 1972 849 2004 ,
871 1936 907 2006 nt
922 1924 1002 1992 mihi
1015 1928 1089 2012 qui·

290 2048 363 2109 dem
379 2045 481 2109 visum
495 2035 551 2118 est,
574 2042 799 2123 perdiligenter
814 2042 1000 2124 complexus
1015 2039 1085 2106 est?

217 2167 220 2172 '
290 2158 390 2225 Istum
414 2158 536 2239 ipsum,
560 2157 709 2238 inquam,
733 2160 851 2233 Brute,
877 2154 949 2219 dico
967 2157 1087 2221 librum

252 2275 370 2368 4mihi
387 2271 480 2335 saluti
501 2270 601 2334 iuide.
646 2269 733 2334 Tum
754 2270 901 2344 Atticus,
923 2267 1097 2352 optarim·

290 2408 379 2450 mum
399 2387 478 2448 mihi
500 2386 630 2467 quidem
648 2382 796 2465 estquod
818 2381 915 2452 dicier
939 2382 991 2448 sed
1007 2383 1086 2466 quid

289 2502 418 2563 tandem
438 2500 552 2561 habuit
569 2499 648 2561 liber
668 2496 742 2572 ista,
765 2497 849 2577 quod
869 2495 928 2559 tibi
947 2476 1003 2559 aut
1022 2471 1086 2557 no·

249 2624 281 2682 15
292 2632 380 2701 vum,
402 2618 460 2673 aut
472 2617 561 2673 tanto
574 2609 646 2671 usui
661 2608 761 2686 poffet
774 2607 863 2672 effe?
885 2609 944 2673 Ille
958 2625 1034 2671 vero
1047 2606 1084 2672 δε

289 2742 391 2799 nova,
413 2723 559 2804 inquam,
581 2722 660 2784 mihi
674 2723 803 2802 quidem
822 2722 945 2797 multa,
965 2721 1085 2786 &eam

290 2835 475 2910 utilitatem,
500 2853 598 2917 quam
615 2835 825 2917 requirebam,
847 2842 897 2912 ut
919 2833 1097 2917 explicatia

287 2949 452 3011 ordinibus
463 2957 658 3030 temporum,
677 2949 785 3031 unuin
800 2944 1088 3029 conspenuomnra

287 3061 448 3129 viderem:
473 3080 639 3145 quaecum
660 3059 793 3124 studiose
813 3058 949 3122 trastare
972 3059 1087 3144 coepis·

287 3174 377 3249 sem,
405 3173 471 3256 ipsa
487 3176 566 3239 mihi
580 3171 729 3237 trat'tatio
745 3173 924 3237 litterarum
939 3173 1087 3238 salutaris

217 3351 219 3354 .
286 3287 370 3364 fuit,
391 3288 641 3370 admonuitque,
665 3287 844 3369 Pomponi,
868 3293 905 3350 ut
925 3293 1003 3351 ate·
1018 3285 1085 3368 ipso

286 3401 441 3465 sumerem
462 3401 584 3483 aliquid
604 3401 644 3463 ad
666 3419 719 3464 me
736 3400 965 3476 reficiendum,
978 3406 1087 3482 ‚teque

286 3516 569 3590 remunerandum,
590 3512 693 3576 finon
710 3513 799 3594 pari,
824 3522 857 3576 at
868 3521 959 3594 grato
974 3519 1085 3575 tamen

285 3645 436 3697 munerea
457 3625 750 3717 quamquamillud
770 3624 957 3707 Heiodium
973 3625 1089 3700 laudaq
