2725 4350
353 506 418 551 ω
518 482 600 548 uu
644 465 986 549 our-roni:

277 669 280 680 '
308 745 310 752 Ι
354 682 396 726 cx
414 678 478 742 quc
495 659 578 722 mira
594 657 745 740 quaedam
762 658 793 720 se
804 657 1157 743 oudiffedcehrrquo,

353 795 455 859 quem
468 771 665 855 ego,-t0riec
686 771 776 848 omni
796 771 920 837 ratione
941 781 1094 854 tentans,
1110 777 1155 840 ud

353 887 577 970 disputandum
592 884 711 948 elicere
723 905 789 949 non
805 885 973 969 potuiffem
982 933 995 965 ,
1016 889 1158 971 permul-

353 1013 388 1067 to
400 1005 441 1066 de
457 1000 641 1082 eloquentia
661 1018 737 1063 cum
755 998 899 1065 Antonin
916 998 1155 1081 differuiffe,&

353 1125 504 1198 tanquam
522 1112 556 1176 iu
571 1113 694 1190 schola,
715 1132 814 1198 prope
829 1116 871 1179 ad
881 1113 1073 1181 Graecorum
1080 1138 1157 1181 cou-

313 1228 571 1306 rrsuetudinem,
594 1224 775 1309 disputasse.
818 1228 933 1314 Itaque
956 1230 1060 1304 frater
1079 1252 1156 1295 exo·

351 1345 437 1406 ravit
456 1363 526 1416 me,
554 1339 656 1420 ipsum
678 1335 984 1422 quidem'afstudio
1002 1344 1156 1409 audiendi

344 1477 417 1522 non
432 1454 529 1518 nimir
542 1453 780 1530 abhorrentem,
804 1455 868 1532 sed,
889 1456 1086 1534 mehercule,
1099 1480 1155 1522 ue·

349 1581 495 1644 rentem,
531 1586 576 1634 ne.
599 1565 724 1630 molesti
746 1568 839 1634 vobis
864 1569 1156 1660 interveniremur,
1196 1550 1201 1560 ¹

351 1696 391 1748 ut
408 1685 494 1746 huuc
508 1679 614 1744 secum
631 1680 788 1745 venirem.
808 1678 989 1748 Scaevolam
1005 1686 1095 1750 enlm
1108 1686 1154 1750 ita

295 1851 298 1862 ,
351 1799 462 1875 dicere
489 1795 611 1876 ajebat,
642 1795 769 1859 -bonam
794 1805 920 1878 partem
942 1796 1100 1864 sermonis
1119 1799 1154 1863 in

349 1913 441 1978 hunc
454 1909 539 1974 diem
558 1905 622 1972 effe
634 1907 780 1974 dilatam.
822 1908 897 1976 Hoc
915 1908 990 1976 fito
1004 1914 1152 1997 cupidius

334 2024 471 2094 ‘ustum
487 2019 648 2086 existiman
657 2066 672 2098 ,
691 2021 808 2109 Caesari
819 2024 1002 2091 attribuere
1023 2024 1154 2092 filami-

344 2140 483 2217 ¹liarius,
504 2134 803 2218 utriqucnostrum.
842 2136 913 2202 Nos
925 2139 1075 2223 quidem,
1098 2139 1153 2205 nili

351 2260 440 2323 forte
453 2251 576 2327 molesti
591 2251 847 2330 intervenimus,
867 2253 985 2318 venifi'e
1002 2254 1152 2350 delettatr

314 2372 439 2461 4Tum
454 2364 594 2441 cratus,
626 2365 804 2447 Equidem,
823 2385 1043 2452 ,quaecunque
1061 2370 1155 2433 causa

309 2471 409 2552 Ι5νοε
437 2478 692 2555 incandidet,
719 2480 863 2558 laetarer,
895 2484 1077 2563 cumupud
1102 2505 1155 2551 me

348 2603 491 2665 viderem
507 2595 655 2659 homines
671 2593 752 2657 mihi
767 2591 939 2660 cariffimos
954 2592 989 2659 &
1005 2595 1157 2659 amiciffi·

299 2786 301 2790 ,
348 2730 443 2777 mos:
466 2710 518 2774 sed
532 2718 657 2780 tamen,
680 2728 756 2771 vere
774 2709 899 2784 dicam,
927 2707 1051 2790 quaevis
1070 2711 1157 2773 mal·

346 2827 412 2891 lem
425 2822 549 2898 fuisset,
578 2840 676 2906 quam
693 2819 769 2898 ista,
799 2839 896 2907 quam
920 2821 1026 2885 dicis,
1074 2823 1154 2905 ,Ego

293 2992 297 3004 .
344 2940 435 3009 enim
458 2923 533 3018 (ut,
563 2936 834 3019 quemadmodum
860 2936 979 3014 sentio,
1016 2936 1154 3019 loquar)

342 3070 526 3139 numquam
539 3050 623 3115 mihi
640 3051 767 3128 minus,
797 3070 897 3135 quum
914 3049 1061 3116 hesterno
1080 3053 1154 3128 die,

347 3169 470 3256 placui,
493 3166 615 3248 (magis
631 3166 713 3229 adeo
727 3164 761 3229 id
773 3166 955 3245 facilitate,
977 3186 1074 3251 quam
1091 3167 1155 3229 alia

347 3286 413 3350 ulla
431 3282 525 3365 culpa
539 3299 613 3345 mea
627 3277 810 3361 contigit3)
833 3281 889 3361 qui
905 3283 984 3345 dum
995 3281 1154 3361 obsequor

345 3394 621 3470 adolescentibus,
643 3415 697 3457 me
714 3393 819 3456 senem
837 3393 899 3456 effe
921 3393 988 3456 sum
1008 3394 1154 3469 oblitos,

343 3513 472 3593 fecique
489 3510 524 3574 id
536 3500 656 3592 ,⁸quod
672 3528 713 3570 ne
726 3506 1046 3588 adolescensquidem
1065 3507 1154 3569 fece·

343 3643 412 3694 ram
422 3672 433 3704 ,
464 3632 501 3689 ut
515 3625 556 3689 iis
572 3624 612 3688 de
629 3621 740 3699 rebus,
773 3638 853 3702 ‚quac
877 3617 1022 3685 doitrina
1039 3620 1152 3701 aliqua
