2725 4350
297 532 341 605 70
464 511 534 579 on
564 505 935 577 ruvuurrouu
1020 461 1023 472 ’

301 688 342 755 Id
365 693 405 751 ut
424 686 654 771 perspiciatur»,
678 691 737 748 aut
758 686 959 763 scribamus,
991 691 1048 751 aut
1071 686 1107 751 in

304 801 449 887 quolibet
463 799 609 881 exemplo
623 801 663 863 de
678 797 735 874 iis,
759 818 832 881 quae
848 797 1005 883 proposita
1021 801 1108 878 sunt,

305 912 369 981 hoc
392 914 479 980 idem
500 928 735 990 exerceamus,
767 920 805 975 ut
826 931 922 996 quam
943 898 1038 978 facile
1060 916 1112 979 in·

308 1025 363 1093 t'tu
379 1026 428 1091 tit.
723 1093 726 1098 ,

237 1207 241 1230 ‚
264 1150 299 1208 77
373 1141 424 1204 Ac
445 1141 484 1204 de
502 1138 647 1221 partibus
668 1138 800 1223 quidem
821 1139 1113 1221 argumentationis

308 1254 385 1319 setis
398 1252 491 1317 nobis
504 1241 625 1316 illitum
640 1253 782 1318 videtur.
826 1251 911 1317 Illud
928 1260 1037 1323 nutem
1053 1274 1113 1317 vo·

308 1361 422 1435 lumus
436 1366 583 1447 intelligi,
606 1387 665 1429 nos
681 1364 781 1449 probe
797 1371 919 1441 tenere,
941 1365 1014 1429 aliis
1028 1385 1113 1451 quo-

310 1472 377 1567 ‘que
405 1479 582 1544 rationibus
603 1478 735 1543 trattati
760 1479 1057 1569 argumentationes
1076 1479 1111 1542 in

310 1593 507 1680 philosophis
519 1591 632 1657 multis
643 1590 678 1657 &
688 1591 840 1670 obscuris,
862 1593 902 1657 de
916 1592 1112 1676 quibusoer-

310 1717 383 1772 tum
400 1706 445 1771 est
458 1704 870 1774 artificiumrcontiitutum.
916 1702 1044 1770 Verum
1058 1704 1115 1769 illo

212 1832 217 1838 “
311 1821 405 1887 'nobis
431 1821 601 1885 abhorrere
632 1821 673 1885 ab
697 1817 756 1884 usu
784 1817 925 1883 oratorio
953 1819 1116 1903 videntur.

312 1934 399 2010 Quae
417 1934 577 2015 pertinere
591 1942 702 1998 autern
716 1933 756 1997 ad
769 1933 940 1997 dicendum
951 1914 1121 2015 putamus,

312 2067 351 2113 ea
364 2067 423 2112 nos
438 2047 652 2124 commodius,
672 2065 772 2129 quam
786 2053 922 2122 ceteros,
937 2044 1118 2123 attendisse,

312 2183 379 2229 non
401 2157 619 2238 affirmimus3
647 2157 908 2244 perquisitius&
931 2159 1120 2242 diligentius

288 2334 290 2339 .
314 2273 523 2359 conscripsisse
537 2273 737 2357 pollicemur.
783 2273 897 2349 Nunc,
927 2282 964 2335 ut
981 2273 1122 2367 institui·

316 2409 390 2455 mus
405 2386 585 2473 proficisci,
609 2388 721 2452 ordine
737 2389 777 2450 ad
794 2387 920 2470 reliqua
933 2404 1117 2469 pergemus.

249 2517 306 2603 42
383 2497 594 2585 Reprehensio
614 2500 675 2572 est,
698 2521 755 2582 per
774 2519 873 2582 quam
890 2506 1120 2583 argumentan-

273 2608 307 2668 78
318 2615 618 2679 doadversariorum
632 2611 833 2675 confirmatio
843 2613 985 2690 diluitur,
999 2618 1057 2674 aut
1067 2610 1121 2672 in·

270 2782 272 2787 .
316 2726 465 2792 firmatur
486 2723 556 2807 [aut
575 2727 756 2812 allevatur}
801 2725 883 2789 Haec
902 2718 991 2792 fonte
1006 2724 1122 2789 inven-

300 2830 414 2908 tionis
430 2842 544 2904 eodem
558 2847 684 2916 utetur,
709 2859 776 2922 quo
789 2841 891 2903 utitur
905 2838 1123 2916 confirmatio,

314 2961 485 3041 propterea
507 2955 609 3036 quod,
633 2954 749 3037 quibus
771 2975 811 3018 ex
834 2953 914 3016 locis
936 2954 1046 3035 aliqua
1070 2972 1124 3016 res

318 3066 646 3147 confirmaripotest,
669 3067 778 3131 iisdem
797 3066 900 3151 potest
914 3088 955 3130 ex
972 3065 1052 3130 locis
1071 3066 1126 3128 in·

316 3180 451 3246 firmari.
485 3179 575 3243 Nihil
586 3181 673 3244 enim
690 3177 954 3244 considerandum
972 3179 1060 3243 estin
1072 3179 1125 3242 his

317 3294 467 3358 omnibus
485 3293 741 3369 inventionibus,
765 3291 823 3355 nifi
838 3295 888 3368 id,
912 3295 997 3377 quod
1015 3293 1125 3375 perio-

318 3409 386 3484 nis,
409 3415 465 3470 aut
484 3406 828 3489 negotiis‘attributum
846 3407 903 3471 est.
947 3406 1125 3480 Querein·

318 3521 524 3596 ventionem,
554 3519 589 3585 δι
611 3520 929 3602 argumentationum
951 3519 1127 3600 expolitio·

318 3652 406 3712 uem,
428 3655 469 3734 ex
485 3634 559 3713 illis,
584 3653 656 3716 quae
669 3643 745 3698 ante
758 3645 918 3719 praecepto
933 3632 1016 3710 lunt,
1038 3632 1124 3696 hanc
