2725 4350
368 503 430 569 194
523 431 994 553 pn'ounroan

364 660 504 743 quodam
527 656 755 754 sententiarum
776 655 811 722 dr
832 676 949 740 genere
972 631 1168 736 verborum,

366 771 508 852 adhibita
528 772 624 835 etiam
651 768 776 834 attione
797 770 882 848 leni,
912 768 1169 855 facilitatemque

365 882 570 967 significanti,
593 881 742 960 efficitur,
764 893 801 946 ut
814 882 921 966 probi,
943 890 983 947 ut
998 884 1086 950 bene
1102 904 1167 948 mo·

297 996 354 1084 ,44
367 998 439 1073 rati,
463 1005 499 1061 ut
513 998 589 1061 boni
600 996 661 1061 viri
669 994 731 1061 effe
740 997 917 1060 videantur.
955 996 1168 1086 Husclautem

299 1090 350 1148 ¹⁸⁵
366 1109 411 1176 est
427 1111 482 1173 illa
497 1108 602 1193 dispar
619 1107 767 1191 adjuntta
787 1109 868 1188 ratio
889 1110 1075 1188 orationis,
1099 1131 1168 1194 qua

356 1205 430 1288 ¹alio
450 1225 584 1303 quodam
605 1242 721 1304 genere
739 1215 862 1285 mentes
874 1220 1024 1303 judicum
1040 1243 1167 1308 permo-

366 1343 437 1412 vet,
458 1336 679 1417 impellitque,
702 1342 739 1398 ut
760 1343 817 1397 aut
842 1335 989 1412 oderint,
1014 1334 1077 1401 aut
1100 1335 1166 1402 diti·

313 1496 316 1507 .
365 1458 459 1531 gant,
483 1454 539 1511 aut
559 1447 742 1522 invideant,
765 1457 820 1510 aut
836 1445 960 1512 salvum
973 1448 1095 1527 velint,
1117 1454 1165 1513 aut

366 1569 527 1638 metuant,
551 1568 608 1623 aut
628 1559 769 1641 sperent,
792 1570 851 1624 aut
869 1561 1021 1641 cupiant,
1035 1562 1163 1626 antei·

365 1674 533 1750 horreant,
555 1682 614 1739 aut
632 1674 803 1749 lactentur,
826 1681 883 1736 aut
903 1686 1090 1754 moereant,
1114 1680 1161 1738 aot

292 1799 297 1806 ·
365 1785 590 1864 misereantur,
619 1795 678 1850 aut
695 1788 809 1869 punire
825 1788 940 1863 velint,
964 1797 1026 1851 aut
1047 1791 1091 1853 ad
1111 1803 1158 1854 eor

365 1908 472 1964 motus
492 1901 710 1977 adducantur,
741 1897 763 1961 fi
788 1900 843 1981 qui
862 1898 996 1964 finitimi
1018 1900 1110 1979 sunt,
1130 1898 1156 1965 dt

364 2012 535 2097 propinqui
548 2011 598 2074 his
614 2032 650 2075 ac
667 2014 785 2078 talibus
799 2013 896 2073 animi
911 2013 1155 2094 perturbationi·

298 2139 348 2197 186
363 2127 435 2192 bus.
479 2127 587 2208 Atque
600 2126 680 2189 illud
698 2127 873 2206 optandum
894 2124 938 2188 est
961 2127 1107 2203 oratori,
1126 2131 1154 2213 ut

363 2217 509 2320 aliquam
524 2240 754 2320 permotionem
777 2237 960 2302 animorum
978 2222 1038 2303 sua
1056 2241 1153 2323 sponte

361 2349 418 2433 ipfi
432 2348 565 2414 afferant
580 2354 620 2415 ad
638 2351 760 2414 causam
775 2351 917 2432 judices,
941 2353 984 2415 ad
1001 2353 1054 2431 id,
1079 2351 1152 2436 quod

361 2464 485 2527 utilitas
501 2465 635 2526 oratoris
650 2465 748 2540 seret,
772 2466 1063 2530 accommodatam.
1108 2466 1154 2530 Fa·

361 2574 451 2637 cilius
464 2574 507 2638 est
524 2576 608 2638 enim
622 2587 803 2640 currentem
820 2577 874 2656 (ut
888 2577 999 2660 ajunt)
1015 2578 1154 2654 incitare,
1198 2570 1200 2611 ³

308 2701 310 2706 ’
360 2707 453 2770 quam
477 2707 678 2752 commovete
694 2690 907 2770 languentem.
952 2686 1010 2755 Sin
1031 2691 1087 2770 id,
1108 2697 1155 2755 aut
1198 2740 1200 2749 .

359 2801 525 2876 nouerit,
553 2808 609 2862 aut
634 2802 695 2864 erit
717 2803 901 2878 obscurius,
931 2799 1013 2866 ficut
1035 2806 1154 2869 medico

359 2913 521 2994 diligenti,
543 2890 722 2996 priusquam
745 2930 878 2979 conetur
902 2935 992 2997 aegro
1007 2918 1155 2983 adhibere

357 3027 560 3103 medicinam,
582 3048 646 3090 non
659 3028 758 3090 solum
775 3026 903 3092 mosou's
920 3027 1002 3108 ejus,
1025 3032 1083 3094 cui
1095 3051 1156 3095 me·

358 3139 427 3203 deri
442 3140 543 3213 volet,
567 3140 730 3203 sedetiam
746 3141 938 3205 consuetudo
955 3142 1112 3220 valentis,
1127 3140 1155 3206 ἅ

355 3261 469 3318 natura
482 3254 624 3335 corporis
636 3255 850 3334 cognoscenda
864 3253 925 3316 est:
947 3251 991 3315 fic
1002 3259 1155 3339 equidem
1198 3232 1200 3249 Ι

356 3385 432 3428 cum
452 3368 618 3446 aggredior
635 3367 805 3447 ancipitem
826 3368 947 3428 causam
967 3365 1003 3431 δι
1024 3389 1156 3451 gravem

354 3476 395 3538 ad
426 3454 725 3560 animos'Judteum
755 3477 1021 3561 pertrattandos,
1074 3481 1156 3547 omni

354 3598 462 3654 mente
481 3590 517 3654 in
537 3596 576 3655 ea
592 3593 785 3676 cogitatione
804 3611 944 3676 curaque
961 3593 1102 3680 versor,
1124 3601 1156 3663 ut
