2725 4350
360 519 402 594 aa
524 501 595 573 nn
622 499 1000 577 tuvuntmun:

400 685 479 744 ‘Cum
496 701 526 744 tc
540 685 716 762 expetebant
733 706 849 759 omues,
864 659 1064 765 Jlorennffimo
1168 721 1171 728 ·

396 799 497 873 Regno
515 800 636 875 reliqui:
659 819 733 857 nune
748 797 893 876 desertum
911 799 948 856 ab
967 802 1122 876 omatibus,

404 909 523 969 Smmno
536 911 668 987 periclo,
685 911 754 987 sola
773 927 806 968 ur
824 913 997 985 restituam,
1017 932 1109 988 paro.

251 1039 258 1050 ‘
289 1042 347 1137 ⁶9
359 1018 531 1083 Remotum
547 1020 601 1096 eti,
625 1021 711 1104 quod
725 1021 809 1083 ultra
824 1038 919 1101 quam
936 1022 1010 1083 satia
1025 1021 1082 1101 en,
1105 1045 1165 1109 pe-

301 1139 345 1202 91
357 1135 446 1211 titur,
467 1134 530 1198 hoc
544 1136 660 1198 modo:
684 1133 781 1208 Quod
796 1131 820 1196 fi
833 1155 899 1212 non
915 1134 948 1197 P.
963 1130 1071 1220 Scipio
1082 1139 1162 1202 Cor-

355 1248 476 1314 neliam
488 1246 590 1313 filiam
606 1246 662 1310 Ti.
678 1245 825 1311 Graccho
837 1246 1037 1327 collocafi'et,
1060 1259 1163 1335 atque

356 1379 454 1426 exea
472 1362 554 1424 duos
577 1360 740 1425 Gracchos
757 1359 966 1443 procreasset,
989 1369 1091 1427 tantae
1109 1366 1161 1430 se·

353 1474 495 1545 ditiones
513 1480 599 1537 natae
614 1493 680 1538 non
696 1473 814 1538 essent:
838 1493 939 1557 qnare
956 1475 1018 1539 boc
1031 1477 1158 1542 incom-

355 1589 499 1680 rnoduq
507 1585 649 1671 Scipioni
660 1586 899 1652 adscribendum
912 1589 1051 1655 videtur.
1083 1589 1157 1656 Hu-

351 1683 547 1781 iusmodiest
561 1700 615 1764 illa
628 1719 758 1785 quoque
774 1701 974 1783 conquestio:

401 1818 522 1877 Utinam
537 1836 572 1876 ue
585 1817 618 1875 in
633 1835 749 1876 nemore
767 1817 845 1874 Pelio
855 1816 1009 1892 securibus

395 1929 492 2007 Caesa
509 1925 648 2006 cecidisset
666 1927 788 2004 abiegna
805 1924 847 1986 ad
861 1944 977 1987 terram
994 1927 1118 1993 trabes!

351 2045 497 2130 Longius
514 2046 600 2111 enirn
618 2045 755 2128 repetita
774 2043 833 2120 est,
856 2063 952 2127 quam
970 2063 1024 2108 res
1043 2047 1159 2127 postu.

349 2160 450 2228 labat.
495 2160 579 2228 Meta
593 2158 738 2225 definitio
753 2158 814 2236 est,
836 2180 911 2224 cnm
930 2165 989 2223 aut
1005 2178 1157 2227 commu·

351 2276 407 2343 uia
427 2274 590 2353 describit,
612 2276 674 2340 hnc
699 2275 819 2337 modo:
852 2269 1026 2337 Seditiolus
1042 2274 1088 2338 eit
1108 2276 1155 2353 ia,

347 2391 407 2474 qui
425 2392 528 2455 malus
543 2397 639 2473 atque
653 2388 777 2452 inutilis
795 2385 839 2451 est
857 2386 948 2451 civis.
992 2384 1076 2451 Nam
1088 2388 1154 2453 hoc

350 2520 416 2566 non
435 2504 536 2584 magis
557 2499 713 2576 sedition,
736 2520 831 2582 quarn
854 2496 1028 2576 ambitiosa,
1050 2518 1149 2583 qnam

350 2615 607 2689 calumniatoris,
629 2631 726 2695 quum
742 2613 878 2695 alicujus
894 2612 1033 2695 improbi
1044 2612 1151 2676 homi·

348 2727 401 2790 nis
416 2726 481 2791 vim
496 2725 654 2790 describit.
685 2726 756 2789 Aut
765 2726 879 2789 falsum
893 2724 1045 2808 quiddam
1058 2726 1151 2803 dicit,

348 2837 411 2907 boc
426 2837 538 2922 patto:
562 2836 725 2922 Sapientia
742 2838 786 2903 est
803 2824 950 2922 pecuniae
966 2842 1154 2922 qnaerendae

345 2951 572 3035 intelligentia.
615 2955 685 3015 Aut
706 2952 826 3034 aliquid
855 2970 919 3016 non
941 2970 1061 3035 grave,
1092 2971 1154 3017 nec

347 3084 501 3150 magnum
516 3064 696 3143 continens,
717 3063 777 3129 fic:
800 3063 942 3129 Stultitia
955 3063 1001 3129 est
1014 3064 1153 3129 immen-

345 3179 388 3244 sae
405 3179 516 3263 gloriae
540 3179 712 3263 cupiditas.
757 3176 812 3242 Est
831 3179 901 3241 haec
923 3171 1054 3264 quidem
1073 3177 1153 3243 stut-

344 3293 436 3371 titia,
465 3292 518 3358 sed
540 3315 580 3357 ex
603 3299 694 3375 parte
716 3292 876 3376 quadam,
907 3310 972 3357 non
988 3310 1036 3361 ,ex
1062 3290 1152 3355 omni

345 3426 484 3491 genere,
508 3405 651 3470 definita.
696 3405 940 3471 controversum
954 3403 1011 3482 est,
1034 3405 1069 3469 in
1086 3424 1150 3489 qun

348 3521 390 3584 ad
406 3520 537 3585 duqum
558 3518 838 3586 demonstrandum
848 3564 859 3599 ,
881 3517 976 3586 dubia
985 3495 1085 3583 ¹ctttrsa
1103 3518 1154 3593 efq

344 3630 450 3714 fertur
456 3678 469 3716 ,
490 3632 552 3698 hoc
566 3632 684 3698 modo:

962 3746 1115 3815 ,ω
