2725 4350
407 389 806 493 'LtssuR‘nuj
937 427 999 494 171

203 569 359 659 acumen,
380 576 556 649 tertiario
571 579 736 659 defiderat.
768 579 853 647 Na'm
867 580 929 667 hoc
944 553 1003 647 ne:

206 698 288 763 cesse
302 698 364 775 est,
388 706 425 761 ut
444 698 490 774 ia,
511 697 565 780 qui
586 697 678 788 nobit
694 698 818 761 oausam
837 696 1001 779 adjudica·

203 822 298 875 turus
312 809 369 888 stt,
390 820 447 875 aut
456 810 664 875 inclinatione
677 812 852 876 voluntatis
864 830 1003 894 propen·
1066 831 1070 840 ·
1108 849 1112 855 -

208 928 284 989 deat
300 926 334 988 in
345 942 429 1008 ¹uos,
453 932 511 988 aut
529 921 718 989 defentionis
736 924 929 1009 argumentis
947 927 1017 989 ad·'
1064 981 1067 991 .

207 1040 359 1114 ducatur,
382 1046 438 1101 aut
448 1038 548 1101 animi
561 1038 760 1121 permotione
775 1049 919 1121 cogatur.
942 1036 1004 1101 Sed
1158 1018 1161 1022 ⁴

208 1152 359 1235 quoniam
371 1152 427 1217 illa
441 1170 525 1235 pars,
546 1150 658 1234 inqua
674 1171 780 1217 rerum
793 1152 933 1237 ipsarum
949 1174 1005 1217 ex-

208 1265 339 1349 plicatio
354 1264 540 1331 aodeienlio
550 1264 713 1348 pofitaest‚
738 1266 866 1332 videtur
879 1286 1008 1329 omnem

212 1370 307 1459 hujus
321 1382 445 1461 generis
462 1377 550 1463 quali
569 1377 747 1445 dottrlnarn
763 1381 943 1457 continere,
968 1380 1009 1443 da
1116 1418 1120 1422 -

214 1494 418 1576 caprimum
448 1495 640 1577 loquemur,
669 1493 704 1559 dc
726 1514 826 1578 paura
852 1496 1022 1558 dicemus(
1143 1549 1146 1561 .

215 1607 323 1671 Pauca
337 1607 423 1669 enim
439 1605 530 1684 sunt,
552 1627 626 1708 quae
641 1607 700 1674 usu
719 1608 783 1691 jam
797 1607 951 1686 traitata,
973 1605 1008 1672 dt

216 1717 324 1783 animo
346 1717 433 1800 quali
454 1710 571 1784 h'abere
593 1728 704 1783 notata
725 1723 902 1786 videamur.
959 1720 1074 1812 Acgo
1183 1802 1185 1806 ι

215 1834 275 1900 tibi
287 1834 440 1915 sapienter
453 1834 607 1910 monenti,
629 1833 667 1897 L.
681 1833 794 1912 Craffe,
818 1837 952 1899 libenter
959 1833 1011 1897 as·
1027 1824 1076 1878 ¹3⁰
1153 1898 1159 1905 ,

216 1947 407 2038 sentiemur,
438 1954 477 2009 ut
496 1944 689 2029 [iugulatum
713 1940 875 2011 caularum
901 1948 1011 2011 deien-

218 2060 338 2133 siones,
361 2078 441 2142 quas
462 2059 562 2124 solent
580 2059 721 2141 magistri
743 2060 852 2144 pueris
875 2064 1012 2139 tradere,

219 2175 463 2256 relinquamus:
492 2153 675 2257 aperiamus
697 2185 807 2240 autem
829 2178 1013 2259 eacapita,
1050 2223 1057 2236 .

221 2291 309 2354 unde
329 2288 433 2352 omnis
448 2289 488 2351 ad
503 2308 631 2351 omnem
646 2286 680 2353 dt
699 2289 823 2354 oausam
836 2282 878 2355 'dr
894 2266 1015 2354 oratio..

222 2425 297 2469 nem
312 2402 478 2485 disputatio
494 2404 632 2467 ducitur.
675 2401 789 2486 Neque
801 2404 911 2480 enim,
934 2424 1015 2489 quo·
1055 2441 1058 2451 ·

223 2519 285 2580 ties
310 2518 443 2581 verbum
469 2516 597 2598 aIIquod
622 2515 666 2605 est
689 2516 885 2582 scribendum
907 2518 1015 2594 nobit,

224 2633 321 2693 toties
335 2630 403 2710 ejus
418 2631 505 2693 verbi
517 2630 632 2692 litterae
647 2630 717 2694 sunt
732 2631 924 2715 cogitatione
939 2651 1016 2696 cou-

226 2744 408 2826 quirendaet
431 2763 490 2805 nec
505 2743 629 2823 quoties
643 2744 734 2806 causa
745 2745 877 2807 dicenda
889 2741 944 2820 est,
965 2752 1016 2806 to·

226 2858 287 2918 ties
303 2857 342 2917 ad
356 2855 426 2934 ejus
440 2854 539 2916 causae
554 2853 682 2937 seposita
697 2867 883 2938 argumenta
896 2856 1018 2926 revolvi

227 2990 287 3034 nos
309 2975 452 3050 oportet:
484 2967 533 3031 sed
553 2968 669 3029 habere
690 2979 793 3032 certos
814 2969 921 3043 locos,
945 2971 1018 3049 qui,

228 3093 267 3148 ut
284 3083 398 3145 litterae
414 3081 454 3142 ad
470 3081 600 3144 uerbum
618 3081 832 3160 scribendum,
853 3079 894 3142 sto
912 3081 960 3144 illi
980 3081 1020 3145 ad

228 3172 350 3259 caulam
365 3193 603 3277 explicandam,
625 3193 728 3256 statim
743 3203 923 3257 occurrant.
960 3191 1021 3258 Sed
1038 3203 1087 3259 131

227 3312 262 3375 hi
284 3310 346 3372 loci
369 3308 399 3372 ei
424 3309 555 3370 demum
578 3307 697 3382 oratori
720 3305 861 3390 prodess'e
880 3304 1022 3399 poliunt,
1062 3329 1068 3333 ·

230 3426 284 3505 qui
308 3421 352 3485 est
377 3421 515 3487 versatus
539 3421 573 3483 in
594 3421 716 3494 rebus,
745 3423 795 3485 vel
819 3419 904 3498 usu,
928 3440 1024 3502 quem
1060 3490 1065 3499 ι
1140 3405 1142 3414 ’

232 3551 310 3600 aetas
324 3536 461 3619 denique
475 3532 585 3620 affert,
610 3525 663 3605 vel
678 3536 852 3605 auditione
865 3532 903 3602 iu
916 3534 1050 3617 coopta-
1087 3557 1090 3563 ·
1153 3574 1156 3578 Δ
