2725 4350
1142 373 1163 488 χ.

210 579 212 583 ,
357 533 420 583 102
529 507 988 600 DuORATonu

288 686 341 747 ⁸³⁸
355 686 409 753 line
433 684 559 750 causam
574 703 672 767 egere
694 702 757 747 non
775 680 878 767 possit.
938 683 1042 763 Nam,
1065 684 1153 771 quod

268 809 271 825 '
348 800 511 865 maximas
523 792 770 863 centumvitales
782 799 893 869 causae
907 799 940 862 in
954 799 1023 880 jure
1035 787 1153 881 positus

226 913 229 919 ’
346 911 532 998 -protulistit
569 928 643 993 quae
675 910 805 973 tandem
828 929 938 988 earum
958 911 1053 975 causa
1072 912 1154 989 fuit,

357 1047 431 1111 quae
449 1027 488 1089 ab
512 1024 641 1089 homine
664 1023 848 1107 eloquenti,
881 1007 961 1106 juris
987 1025 1152 1107 imperito,

306 1194 311 1205 .
357 1158 422 1204 non
435 1132 627 1202 ornetiffime
637 1137 777 1220 potuerit
790 1136 878 1201 dici?
895 1139 1010 1221 quibus
1021 1138 1153 1222 quidem
1173 1223 1175 1227 ι

356 1252 392 1315 in
416 1247 517 1313 causis
542 1251 708 1325 omnibuS,
730 1247 809 1313 sieut
832 1251 866 1313 in
883 1250 1024 1335 ipsuis.
1046 1252 1155 1326 Curii,

356 1345 430 1447 que
446 1363 503 1426 ans
518 1370 663 1443 temper
680 1360 835 1436 ennoea,
867 1362 954 1425 &ru
974 1365 1010 1427 c.
1027 1362 1157 1426 Horror

356 1476 497 1552 Mancini
511 1472 720 1538 controversia
728 1518 738 1549 ,
761 1482 856 1556 atque
869 1474 902 1535 in
916 1495 955 1537 eo
968 1495 1081 1555 puero,
1096 1476 1155 1560 qui

358 1610 399 1653 ex
412 1589 615 1651 alterunatus
627 1594 696 1650 erat
708 1561 829 1661 urere,
852 1606 916 1649 non
931 1585 1054 1649 remisso
1069 1572 1157 1652 nun·

280 1717 287 1787 ss
356 1701 404 1766 tio
418 1700 587 1783 superiori,
617 1701 680 1763 suit
691 1700 775 1764 inter
788 1695 989 1782 p'eritiffimos
1006 1699 1157 1766 homines

290 1829 343 1890 239
358 1802 478 1880 summe
494 1812 619 1895 dejure
636 1795 790 1880 dissensio.
801 1812 935 1889 ‚Quaero
947 1814 1056 1896 igitur,
1073 1813 1152 1898 quid

184 1914 188 1921 ’
307 2003 308 2007 ¹
357 1927 517 2012 adiuverit
533 1934 693 1990 oratorem
710 1926 743 1989 in
762 1926 816 1990 his
831 1924 933 1990 ca'ufis
949 1926 1030 2008 juris
1052 1928 1153 1990 scien·

354 2019 422 2114 tie,
452 2060 529 2103 cum
551 2040 604 2102 hic
624 2038 863 2121 jurisconsultus
889 2041 1029 2121 superior
1052 2040 1151 2104 suerit

356 2153 559 2230 discessurus,
588 2153 645 2235 qui
667 2150 744 2215 esset
758 2173 821 2216 non
843 2152 898 2217 suo
916 2152 1073 2229 artificio,
1096 2152 1147 2216 sed

357 2269 479 2344 alieno,
500 2269 562 2330 hoc
578 2265 639 2342 est,
661 2285 725 2328 non
742 2265 821 2347 juris
842 2267 989 2342 scientia,
1018 2267 1070 2330 sed
1085 2268 1151 2330 elo·

247 2393 249 2396 ’
357 2381 504 2466 quentia,
527 2377 730 2442 sustentatus.
753 2379 909 2461 Equidem
926 2382 987 2442 hoc
1001 2380 1152 2462 saepeau-

357 2493 440 2567 dius,
476 2513 550 2555 cum
577 2492 763 2554 aedilitatem
794 2493 830 2555 P.
860 2492 982 2556 Crassus
1005 2501 1151 2572 peteret,

356 2625 495 2687 eumque
508 2605 608 2684 major
621 2614 720 2680 natu,
751 2605 851 2668 etiam*
870 2604 1055 2678 consularis,
1079 2602 1151 2668 Ser.

356 2714 458 2779 Galba
476 2715 690 2791 assestaretur,
714 2719 800 2798 quod
818 2713 1017 2798 Craffiffliam
1035 2715 1152 2781 c.filio

353 2828 408 2891 suo
424 2827 647 2910 despondisset,
678 2829 831 2905 acceffisse
854 2829 894 2891 ud
909 2827 1051 2892 Crassum
1073 2850 1151 2893 con-

352 2941 476 3006 sulendi
491 2943 582 3004 causa
591 2943 751 3023 quendam
761 2942 971 3005 rusticanum:
995 2942 1061 3023 qui,
1074 2963 1149 3007 cum

353 3054 496 3121 Crassum
515 3054 679 3118 seduxisset
708 3064 807 3139 atque
831 3056 872 3118 ud
893 3076 968 3118 eum
981 3056 1150 3133 retulisset,

352 3169 596 3251 responsumque
613 3167 652 3230 ab
672 3189 711 3230 eo
729 3190 839 3232 verum
856 3169 974 3250 magis,
998 3171 1149 3251 quemad

351 3282 440 3347 suem
473 3301 541 3345 rem
573 3259 848 3345 accommodatum
883 3280 1071 3358 abstulisset3
1112 3289 1150 3346 ut

351 3416 427 3459 eum
440 3393 558 3458 tristem
572 3393 782 3473 Galba'vidit,
799 3395 942 3458 'nomine
958 3396 1149 3477 appellavit,

316 3497 320 3505 ’
351 3506 570 3592 quaesivitque,
593 3527 657 3590 qua
669 3511 708 3572 de
718 3528 751 3573 re
761 3512 801 3574 ad
816 3507 956 3574 Crassum
969 3507 1151 3572 retulisset?

351 3640 391 3682 ex
417 3642 482 3707 que
506 3630 542 3688 ut
559 3622 699 3701 audivit,
725 3633 986 3708 commotumque
1007 3631 1043 3686 ut
1069 3623 1150 3690 vidit
