2725 4350
478 500 782 592 BRVTVS.
966 523 1032 599 3¹2

230 683 359 753 nonita
370 679 426 749 est.
456 679 518 745 alta
531 680 618 774 enim
634 681 674 747 de
686 681 743 746 illo
753 678 874 764 maiora
886 679 952 746 dici
961 681 1034 765 pus·

230 801 318 866 sunt.
340 796 425 863 Nam
442 813 502 862 nec
515 793 722 874 continentia,
746 813 806 860 nee
819 794 950 880 pictate,
970 813 1034 876 neo

228 913 313 1002 ullo-¹.
320 929 437 994 genere
449 906 579 973 virtutis
593 912 787 992 quemquam
798 905 937 992 ejusdem
954 913 1034 972 aeta-

232 1027 279 1090 tis
299 1043 373 1089 eum
391 1021 448 1088 illo
471 1020 700 1088 conferendum
718 1028 812 1107 puto.
865 1019 1104 1131 Necrero79

214 1139 287 1220 ,Mo
305 1136 443 1203 Coelium
464 1134 727 1224 praetercundum
749 1135 888 1203 arbitror
901 1135 1034 1217 ,..quae'·
1050 1138 1106 1196 πθ

234 1270 378 1336 cumque
395 1248 465 1332 ejon
476 1248 512 1312 in
526 1247 618 1315 exitu
637 1247 690 1312 vel
704 1248 853 1327 fortuna,
876 1248 930 1314 uel
943 1264 1037 1326 pren!
1073 1313 1076 1318 .

233 1362 331 1438 enies,
348 1362 405 1446 qui
426 1358 583 1445 quamdiu
605 1345 791 1426 austeritati
810 1358 893 1425 rireae
911 1358 1039 1445 paruit,

233 1476 314 1544 talis
324 1475 473 1540 tribunus
488 1472 591 1557 plebia
605 1472 678 1554 init,
699 1479 739 1539 ut
754 1493 850 1539 nemo
866 1480 978 1548 contre
993 1472 1042 1538 ci·

234 1591 329 1657 vium
361 1587 559 1671 perditorum
588 1585 776 1671 popularem
803 1587 1042 1655 turbulentamss

235 1722 309 1788 que
326 1681 555 1788 dementiam'a
567 1697 677 1764 senatu
690 1696 724 1763 dr
737 1718 757 1761 a
769 1701 930 1770 bonorum
947 1700 1042 1765 causa

235 1814 363 1882 steterit
392 1811 612 1890 constantium
642 1831 739 1897 quam
766 1813 835 1898 ciue
862 1813 1041 1892 astionem,

236 1928 382 1996 multum
399 1929 508 1989 tamen
526 1924 561 1989 dr
579 1924 760 2009 splendida,
782 1926 818 1993 dr
835 1927 983 2012 grandin,
999 1924 1043 1993 ¹&

238 2043 356 2126 eadem
364 2036 510 2122 inprimis
521 2033 626 2101 iaceta
638 2035 673 2102 dr
686 2041 864 2123 perurbana
878 2059 1043 2105 commen·
1114 2031 1117 2039 ’

238 2155 339 2229 dabat
355 2150 468 2216 oratio.
514 2148 636 2217 Graves
651 2151 721 2235 ejus
736 2154 907 2237 conciones
920 2131 1045 2238 aliquot

238 2271 384 2345 fuerunt,
394 2285 484 2331 actea
495 2265 710 2329 accusationes
722 2275 798 2345 tres,
809 2287 920 2351 eaeque
933 2284 1046 2330 omnen

240 2404 284 2447 ex
306 2379 490 2463 reipublicae
509 2380 714 2444 contentione
735 2379 903 2463 susceptaer
934 2381 1046 2442 defen·

241 2493 359 2569 fimes,
382 2489 439 2555 etfi
455 2492 511 2554 illa
524 2501 615 2555 erant
629 2491 662 2553 in
679 2514 718 2556 eo
735 2495 886 2570 meliora,
908 2512 985 2574 quae*
996 2491 1048 2554 di·
1184 2538 1187 2542 .

240 2610 298 2682 2⁴13
322 2626 387 2670 non
402 2606 643 2668 contemnendae
660 2611 785 2682 tamen,
808 2606 946 2687 saneque
965 2605 1049 2669 tole·

244 2720 374 2784 nabiles.
421 2717 482 2779 Hic
496 2737 569 2780 cum
578 2717 697 2782 summa
707 2720 873 2783 uoluntate
887 2720 1048 2804 bonorum

245 2832 351 2896 aedilis
375 2830 496 2893 curulis
515 2828 618 2893 fastus
641 2830 734 2907 esset,
757 2832 861 2896 nescio
884 2831 1046 2915 quomodo

245 2943 380 3009 disceffu
393 2963 466 3006 meo
480 2940 642 3007 discetiita
657 2943 730 3021 sese,
750 2946 942 3027 ceciditque,
965 2942 1050 3026 post-

220 3054 223 3059 ’
246 3077 385 3142 eaquam
400 3075 456 3120 eos
468 3054 589 3120 imitari
603 3057 719 3138 coepit,
742 3078 822 3139 quos
835 3058 898 3140 ipse
917 3055 1049 3140 perver-

247 3178 345 3237 terat.
389 3165 452 3232 Sed
475 3169 514 3231 de
535 3167 580 3233 M.
601 3167 723 3232 Calidio
749 3170 891 3234 dicamus
917 3169 1051 3250 aliquid,
1068 3202 1120 3261 274

249 3284 308 3368 qui
329 3301 395 3345 non
416 3279 480 3344 fuit
502 3289 610 3343 orator
632 3299 717 3344 unus
740 3303 759 3347 e
780 3283 911 3358 multis3
943 3280 1052 3363 potius

251 3399 338 3461 inter
349 3394 471 3457 multos
484 3412 582 3475 prope
594 3390 760 3475 singularis
774 3396 854 3460 tuit:
879 3397 926 3458 ita
939 3411 1055 3458 recon-

253 3510 338 3574 ditas
353 3503 582 3588 exquifitasque
596 3505 766 3570 sententias
777 3509 884 3574 mollis
900 3507 933 3570 dr
951 3505 1055 3588 pellu-

253 3641 329 3688 cens
353 3608 504 3691 vestiebat
526 3617 640 3684 oratio.
674 3617 766 3689 Nihil
788 3627 855 3688 tam
887 3629 1057 3693 tenerum,
1130 3661 1133 3666 -
