2725 4350
184 545 190 555 ·
282 519 326 587 n
403 513 986 620 ·ooonnoonn-

276 677 540 789 ¹philosophorum
561 700 691 774 greges,
718 689 782 773 jem
801 692 841 755 ab
864 690 924 774 ilio
943 691 1036 757 fonte
1056 689 1094 761 dt

285 810 393 892 capite
409 797 557 900 Socrate,¹
567 806 647 869 nihil
660 814 696 867 te
710 806 750 868 de
765 806 857 869 bonis
867 806 964 869 rebus
970 808 1005 868 in
1011 807 1094 883 vita,

192 909 197 924 ⁸
286 903 369 989 nihii
382 924 422 989 de
438 922 542 997 malis,
561 918 642 983 nihii
655 920 696 981 de
711 919 808 983 animi
823 918 1097 1000 permotionibus,

211 1057 213 1060 ·
286 1036 367 1103 nihil
383 1038 423 1100 de
435 1034 602 1101 hominum
620 1032 784 1106 moribus,
807 1030 889 1126 nibil
905 1033 955 1120 de
967 1034 1096 1097 ratione

271 1151 367 1217 'vitoe
392 1145 551 1222 didicisse,
575 1146 656 1211 nibil
676 1146 808 1221 omnino
828 1142 993 1226 quaefiffe,
1014 1147 1096 1216 nihil

263 1260 266 1272 '
280 1262 366 1327 'scire
379 1262 609 1325 convincerent
618 1279 632 1328 ι,
653 1257 688 1323 &
701 1278 774 1320 cum
788 1256 925 1325 universi
941 1259 975 1323 in
991 1263 1027 1324 te
1035 1261 1097 1328 im·

289 1384 400 1461 petum
418 1372 580 1451 feciffent‚
604 1382 677 1456 tum
702 1369 833 1453 singulae
853 1372 987 1439 familiae
1003 1373 1097 1441 litem

247 1516 283 1574 43
291 1490 351 1555 tibi
370 1490 587 1569 intenderent..
629 1482 766 1551 instaret
789 1486 984 1566 Academia,
1005 1507 1097 1573 quae,

291 1587 445 1685 quidquid
461 1598 605 1676 dixisses,
625 1600 659 1664 id
672 1598 808 1681 teipsum
820 1618 936 1681 negare
953 1610 1097 1684 cogeret.

292 1713 393 1781 Stoici
422 1735 500 1777 vero
528 1713 626 1798 nostri
659 1712 912 1796 disputationum
944 1714 1099 1793 suarum,

292 1837 391 1913 atque
416 1808 703 1912 interrogationum
728 1826 852 1910 laqueis
876 1835 910 1889 te
930 1828 1098 1895 irretitum

187 2019 191 2025 ,
277 1951 449 2033 tenerent.
477 1917 682 2023 Peripatetici
696 1947 804 2004 autem
819 1940 1000 2006 etinmhaec
1014 1943 1099 2027 ipsa,

294 2065 370 2141 quae'
384 2050 510 2138 propria
524 2058 690 2136 ocatorjum
704 2064 832 2137 putares
848 2039 910 2118 effe
931 2053 1099 2136 adJumen-

195 2220 197 2226 ,
293 2182 344 2245 te,
367 2183 464 2252 atque
480 2180 668 2232 ornamenta
680 2167 818 2242 dicendi,
841 2169 880 2233 ab
899 2167 931 2232 se
944 2157 1099 2251 pet'iuin-

296 2296 406 2353 cenent
422 2297 589 2366 oportere:
613 2302 650 2344 ac
667 2303 731 2345 non
744 2281 845 2346 sotum
862 2283 1015 2357 meliora,
1047 2285 1100 2352 sed

296 2401 394 2488 etiam
404 2393 815 2480 multopluraAristotelem
824 2394 1101 2478 Theophrastum-

233 2567 237 2572 ,
297 2532 361 2594 que
373 2515 412 2575 de
425 2512 476 2572 his
494 2513 612 2584 robae,
640 2528 739 2591 quam
755 2529 866 2573 omnes
886 2509 1013 2576 dicendi
1030 2534 1100 2577 ma·

180 2633 182 2636 ’
255 2624 430 2711 44gistcos‚
460 2619 609 2703 scripfiffe
630 2621 844 2685 ostenderent.
888 2623 995 2705 Missos
1013 2627 1100 2690 facio

298 2736 558 2804 mathematicos,
582 2735 827 2813 grammaticos,
851 2735 998 2813 musicos,
1021 2759 1100 2825 quo.

299 2868 370 2913 rum
388 2847 513 2910 artibus
532 2845 634 2908 vestre
651 2845 709 2908 ista
728 2849 854 2938 dicendi
874 2851 922 2915 vis
941 2872 983 2914 ne
1007 2855 1100 2920 mini·

299 2981 353 3030 ma
380 2962 511 3044 quidem
538 2959 688 3024 societate
716 2945 930 3044 contingitur.⁴
954 2965 1100 3042 'Quam-

300 3056 410 3141 obrem
426 3074 481 3138 ista
497 3083 603 3151 tanta,
625 3085 757 3156 tamque
767 3078 885 3152 muita,
908 3077 1100 3160 profitenda,

276 3170 278 3177 ¹
301 3186 425 3263 Craffe,
455 3206 519 3252 non
543 3189 666 3251 censeo.
713 3185 800 3252 Satis.
819 3192 851 3257 id
869 3191 912 3254 est
928 3213 1101 3274 magnum,

300 3304 387 3387 quod
400 3309 492 3382 potes
505 3299 670 3381 proestare,
694 3303 779 3366 utin
795 3303 922 3385 judiciis
938 3281 977 3371 eu.
999 3309 1101 3383 causa,

300 3434 541 3501 quamcumque
554 3424 591 3477 tu
609 3416 708 3491 dicis,
732 3418 845 3481 melior
861 3417 1102 3501 &probabilior

281 3526 362 3595 ‘esse
379 3516 545 3590 videatur:
577 3537 615 3594 ut
638 3528 671 3593 in
698 3531 905 3594 concionibus
928 3532 962 3596 dt
980 3535 1105 3600 senten·

299 3642 354 3704 tiis
370 3641 511 3705 dicendis
530 3642 570 3705 ad
587 3642 839 3722 persuadendum
852 3654 909 3706 tua
926 3649 1107 3729 plurimum,

297 3754 536 3824 intentando:
559 3754 1098 3842 deniqueutprndentibusdiserte,
