2725 4350
350 519 416 570 roo
525 490 994 564 DE'ORATORE

353 669 574 738 &sociorum
601 670 795 755 imploratio.
839 669 971 745 Quibus
1004 671 1156 744 omnibu

353 786 478 862 verbir,
499 803 574 867 quae
591 803 610 846 a
629 804 680 847 me
697 790 765 848 tum
782 783 856 847 sunt
868 783 998 862 habita,
1021 781 1051 856 li
1069 785 1157 848 dolor

355 896 504 964 abluisset
520 913 632 973 mene,
661 916 725 959 non
746 897 841 960 modo
863 915 928 959 non
948 890 1158 975 miserabilia,

286 999 341 1070 rat
357 1011 408 1076 led
418 1011 514 1074 etiam
524 993 686 1074 irridenda
694 1001 801 1073 inisset
810 1009 912 1072 oratio
922 1027 1010 1074 mea.
1033 1009 1157 1087 Quam·

357 1124 467 1188 obrem
478 1123 539 1187 hoc
552 1142 609 1187 vos
622 1123 732 1199 doceo,
754 1119 891 1203 Sulpici,
913 1123 1019 1188 bunne
1035 1143 1101 1208 ege
1114 1123 1158 1189 vi·

357 1236 473 1302 delicet
486 1242 584 1319 atque
598 1235 745 1304 eruditus
754 1215 922 1316 magister,
942 1236 1035 1299 utin
1052 1219 1159 1302 dicen·

285 1356 287 1360 ’
358 1350 399 1413 do
416 1345 523 1425 irasci,
544 1357 582 1412 nt
598 1349 716 1424 dolere,
738 1356 774 1409 ut
788 1343 865 1410 flere
877 1343 1011 1430 poffitis.
1035 1337 1158 1425 Quam·

334 1453 338 1466 '
358 1480 456 1546 quam
478 1468 512 1525 te
526 1460 663 1543 ‘quidem
688 1459 764 1542 quid
784 1460 855 1524 hoc.
869 1462 1026 1539 doceam,
1049 1463 1112 1545 qui
1127 1464 1159 1527 in

359 1573 531 1660 accusando
544 1570 689 1636 sodali&
702 1571 857 1653 quaestore
869 1593 953 1649 meo,
966 1580 1103 1640 tantum
1113 1575 1159 1638 in·

358 1685 738 1749 cendiumnonoratione
751 1684 864 1763 solnm,
885 1684 937 1751 sed
946 1686 1054 1750 multo
1065 1688 1160 1754 etlam
1196 1705 1198 1712 ·

267 1853 272 1860 .
358 1799 461 1877 magia
477 1797 526 1875 vi,
549 1796 583 1862 dt
602 1798 730 1876 dolore,
753 1795 788 1861 dr
807 1799 920 1862 ardore
935 1798 1038 1863 animi
1054 1800 1158 1866 cenci·

359 1916 463 1987 taras,
486 1920 525 1976 ut
542 1930 602 1992 ego
620 1913 660 1974 ad
673 1911 706 1974 id
719 1909 980 1993 restinguendum
994 1911 1051 1978 vix
1064 1931 1156 1978 cona·

358 2043 412 2088 rer
424 2021 604 2088 accedere?
633 2023 799 2087 Habueras
815 2025 901 2088 enim
918 2031 991 2088 tum
1006 2026 1156 2092 omnlain

358 2136 451 2201 cansa
466 2137 646 2220 superiora:
669 2136 751 2212 vim,
774 2137 894 2220 fugam,
915 2136 1156 2220 lapidationem,

235 2316 238 2341 Ι
333 2289 335 2293 f
358 2242 580 2314 crudelitatem
600 2249 816 2330 tribunitiam,
838 2250 872 2313 in
889 2249 1056 2333 Caepionis
1072 2250 1157 2335 gravi

279 2377 282 2383 ·
358 2363 591 2446 miserabilique
606 2360 690 2436 casu,
711 2362 745 2424 in
757 2361 911 2444 judicium
923 2365 1083 2429 vocabant
1107 2367 1158 2429 de·

357 2475 432 2538 inde
454 2476 627 2558 principem
648 2474 847 2551 deseratus,
870 2473 904 2539 dr
927 2474 1094 2557 civitatis,
1115 2477 1157 2541 M.

289 2658 293 2667 ,
357 2585 553 2665 Aemilium,
575 2588 679 2668 lapide
700 2586 876 2669 perculsum
892 2586 955 2651 elie
974 2589 1159 2655 constabat:

357 2703 391 2764 vi
400 2699 525 2779 pulsum
536 2722 574 2763 ex
584 2700 703 2779 templo
715 2698 750 2761 L.
762 2700 898 2775 Cottam,
918 2699 951 2763 δι
960 2699 1003 2764 Τ.
1015 2678 1158 2776 Didium,

358 2830 430 2875 cum
447 2813 644 2875 intercedere
661 2814 779 2875 vellent
792 2814 966 2895 rogationi,
990 2834 1091 2895 nemo
1104 2834 1160 2898 po·

207 2908 209 2913 ¹
290 2920 346 3014 48
358 2902 442 2986 terat
454 2944 579 3006 negare.
627 2927 829 3000 Accedebat,
851 2936 889 2988 ut
901 2926 972 2989 hacc
983 2933 1022 2991 tu
1037 2926 1161 2992 adoles·

291 3020 434 3102 19⁸cema
457 3057 513 3118 pro
530 3037 693 3119 republica
714 3039 808 3118 queri
825 3037 945 3100 summa
962 3058 1037 3102 cum
1053 3041 1161 3122 digni

356 3159 423 3214 tate
439 3149 669 3214 existimarerer
694 3169 764 3231 ego,
787 3152 883 3213 homo
900 3151 1083 3230 censorius,
1107 3153 1160 3217 vir

355 3264 428 3329 satis
442 3263 570 3327 honeste
586 3264 710 3327 viderer
727 3263 908 3326 seditiosum
924 3263 1046 3338 civem,
1073 3263 1110 3330 dc
1126 3266 1161 3331 in

354 3376 494 3442 bominis
507 3376 677 3439 consularis
688 3376 868 3440 calamitate
883 3375 1162 3459 crudelem,poffe

355 3489 534 3553 defendere.
578 3489 679 3551 Erant
695 3489 808 3569 optimi
826 3490 912 3554 cives
931 3487 1076 3571 judices,
1100 3492 1162 3556 bo-

353 3614 470 3665 norum
489 3602 633 3669 vitorum
651 3601 782 3685 plenum
802 3601 927 3681 iorum,
951 3600 1005 3670 vix
1025 3611 1063 3668 ut
1075 3604 1183 3672 mihi
