<?xml version="1.0" encoding="UTF-8"?>
<!DOCTYPE html PUBLIC "-//W3C//DTD XHTML 1.0 Transitional//EN"
    "http://www.w3.org/TR/xhtml1/DTD/xhtml1-transitional.dtd">
<html xmlns="http://www.w3.org/1999/xhtml" xml:lang="en" lang="en">
 <head>
  <title>
</title>
<meta http-equiv="Content-Type" content="text/html;charset=utf-8" />
  <meta name='ocr-system' content='tesseract 3.04.00' />
  <meta name='ocr-capabilities' content='ocr_page ocr_carea ocr_par ocr_line ocrx_word'/>
</head>
<body>
  <div class='ocr_page' id='page_1' title='image "./mtvlliiciceroni08cicegoog_0106.png"; bbox 0 0 2725 4350; ppageno 0'>
   <div class='ocr_carea' id='block_1_1' title="bbox 323 547 962 633">
    <p class='ocr_par' dir='ltr' id='par_1_1' title="bbox 323 547 962 633">
     <span class='ocr_line' id='line_1_1' title="bbox 323 547 962 633; baseline -0.002 -10"><span class='ocrx_word' id='word_1_1' title='bbox 323 555 366 633; x_wconf 83' lang='lat'>68</span> <span class='ocrx_word' id='word_1_2' title='bbox 498 550 567 620; x_wconf 79' lang='lat' dir='ltr'>DE</span> <span class='ocrx_word' id='word_1_3' title='bbox 594 547 962 622; x_wconf 83' lang='lat' dir='ltr'>INVENTIONE</span> 
     </span>
    </p>
   </div>
   <div class='ocr_carea' id='block_1_2' title="bbox 194 697 1124 3758">
    <p class='ocr_par' dir='ltr' id='par_1_2' title="bbox 321 697 1124 817">
     <span class='ocr_line' id='line_1_2' title="bbox 321 697 1124 817; baseline 0.001 -17"><span class='ocrx_word' id='word_1_4' title='bbox 321 732 383 801; x_wconf 77' lang='lat' dir='ltr'>fis:</span> <span class='ocrx_word' id='word_1_5' title='bbox 406 737 463 797; x_wconf 85' lang='lat' dir='ltr'>aut</span> <span class='ocrx_word' id='word_1_6' title='bbox 483 729 550 806; x_wconf 86' lang='lat' dir='ltr'>ita,</span> <span class='ocrx_word' id='word_1_7' title='bbox 572 736 612 793; x_wconf 86' lang='lat' dir='ltr'>ut</span> <span class='ocrx_word' id='word_1_8' title='bbox 634 728 667 791; x_wconf 93' lang='lat' dir='ltr'>id</span> <span class='ocrx_word' id='word_1_9' title='bbox 690 727 809 806; x_wconf 87' lang='lat' dir='ltr'>solum,</span> <span class='ocrx_word' id='word_1_10' title='bbox 831 731 917 813; x_wconf 90' lang='lat' dir='ltr'>quod</span> <span class='ocrx_word' id='word_1_11' title='bbox 939 697 1124 817; x_wconf 75' lang='lat' dir='ltr'>conficitur,</span> 
     </span>
    </p>

    <p class='ocr_par' dir='ltr' id='par_1_3' title="bbox 259 835 1124 1045">
     <span class='ocr_line' id='line_1_3' title="bbox 259 835 1124 932; baseline 0.002 -19"><span class='ocrx_word' id='word_1_12' title='bbox 259 884 262 891; x_wconf 34' lang='grc' dir='ltr'><strong><em>ι</em></strong></span> <span class='ocrx_word' id='word_1_13' title='bbox 320 847 496 921; x_wconf 75' lang='lat' dir='ltr'>inferatur,</span> <span class='ocrx_word' id='word_1_14' title='bbox 527 835 676 906; x_wconf 89' lang='lat' dir='ltr'>adhunc</span> <span class='ocrx_word' id='word_1_15' title='bbox 701 842 859 905; x_wconf 88' lang='lat' dir='ltr'>modum:</span> <span class='ocrx_word' id='word_1_16' title='bbox 882 841 1002 909; x_wconf 84' lang='lat' dir='ltr'>Urbem</span> <span class='ocrx_word' id='word_1_17' title='bbox 1023 848 1124 932; x_wconf 81' lang='lat' dir='ltr'>igitur</span> 
     </span>
     <span class='ocr_line' id='line_1_4' title="bbox 320 943 1120 1045; baseline -0.001 -22"><span class='ocrx_word' id='word_1_18' title='bbox 320 960 504 1026; x_wconf 74' lang='lat' dir='ltr'>diruamusr</span> <span class='ocrx_word' id='word_1_19' title='bbox 525 961 603 1032; x_wconf 86' lang='lat' dir='ltr'>aut,</span> <span class='ocrx_word' id='word_1_20' title='bbox 625 961 663 1017; x_wconf 92' lang='lat' dir='ltr'>ut</span> <span class='ocrx_word' id='word_1_21' title='bbox 677 953 723 1032; x_wconf 86' lang='lat' dir='ltr'>id,</span> <span class='ocrx_word' id='word_1_22' title='bbox 746 957 833 1037; x_wconf 90' lang='lat' dir='ltr'>quod</span> <span class='ocrx_word' id='word_1_23' title='bbox 849 943 919 1020; x_wconf 84' lang='lat' dir='ltr'>eam</span> <span class='ocrx_word' id='word_1_24' title='bbox 936 977 1021 1037; x_wconf 88' lang='lat' dir='ltr'>rem,</span> <span class='ocrx_word' id='word_1_25' title='bbox 1045 981 1120 1045; x_wconf 80' lang='lat' dir='ltr'>quoe</span> 
     </span>
    </p>

    <p class='ocr_par' dir='ltr' id='par_1_4' title="bbox 265 1064 1122 1947">
     <span class='ocr_line' id='line_1_5' title="bbox 265 1064 1122 1157; baseline -0.009 -20"><span class='ocrx_word' id='word_1_26' title='bbox 265 1085 268 1089; x_wconf 84' lang='grc'><em>·</em></span> <span class='ocrx_word' id='word_1_27' title='bbox 319 1070 499 1147; x_wconf 85' lang='lat' dir='ltr'>conficitur,</span> <span class='ocrx_word' id='word_1_28' title='bbox 513 1068 674 1152; x_wconf 86' lang='lat' dir='ltr'>sequatur,</span> <span class='ocrx_word' id='word_1_29' title='bbox 683 1064 805 1130; x_wconf 81' lang='lat' dir='ltr'>neceiie</span> <span class='ocrx_word' id='word_1_30' title='bbox 819 1066 873 1131; x_wconf 83' lang='lat' dir='ltr'>est.</span> <span class='ocrx_word' id='word_1_31' title='bbox 897 1070 936 1133; x_wconf 86' lang='lat' dir='ltr'>Id</span> <span class='ocrx_word' id='word_1_32' title='bbox 953 1070 998 1148; x_wconf 83' lang='lat' dir='ltr'>est</span> <span class='ocrx_word' id='word_1_33' title='bbox 1012 1071 1122 1157; x_wconf 83' lang='lat' dir='ltr'>hujus.</span> 
     </span>
     <span class='ocr_line' id='line_1_6' title="bbox 317 1179 1121 1271; baseline -0.002 -20"><span class='ocrx_word' id='word_1_34' title='bbox 317 1183 423 1251; x_wconf 87' lang='lat' dir='ltr'>modi:</span> <span class='ocrx_word' id='word_1_35' title='bbox 445 1180 480 1247; x_wconf 90' lang='lat' dir='ltr'>Si</span> <span class='ocrx_word' id='word_1_36' title='bbox 501 1181 642 1265; x_wconf 83' lang='lat' dir='ltr'>peperit,</span> <span class='ocrx_word' id='word_1_37' title='bbox 665 1198 741 1243; x_wconf 88' lang='lat' dir='ltr'>cum</span> <span class='ocrx_word' id='word_1_38' title='bbox 762 1179 830 1245; x_wconf 86' lang='lat' dir='ltr'>viro</span> <span class='ocrx_word' id='word_1_39' title='bbox 846 1183 1039 1249; x_wconf 86' lang='lat' dir='ltr'>concubuit:</span> <span class='ocrx_word' id='word_1_40' title='bbox 1060 1207 1121 1271; x_wconf 81' lang='lat' dir='ltr'>pe·</span> 
     </span>
     <span class='ocr_line' id='line_1_7' title="bbox 316 1275 1119 1385; baseline -0.009 -22"><span class='ocrx_word' id='word_1_41' title='bbox 316 1276 402 1385; x_wconf 86' lang='lat' dir='ltr'>perit</span> <span class='ocrx_word' id='word_1_42' title='bbox 414 1303 536 1361; x_wconf 88' lang='lat' dir='ltr'>autem.</span> <span class='ocrx_word' id='word_1_43' title='bbox 569 1290 747 1359; x_wconf 85' lang='lat' dir='ltr'>Conficitur</span> <span class='ocrx_word' id='word_1_44' title='bbox 757 1275 836 1376; x_wconf 73' lang='lat' dir='ltr'>hoc:</span> <span class='ocrx_word' id='word_1_45' title='bbox 860 1297 1042 1363; x_wconf 81' lang='lat' dir='ltr'>concubuit</span> <span class='ocrx_word' id='word_1_46' title='bbox 1054 1300 1119 1383; x_wconf 82' lang='lat' dir='ltr'>igi.</span> 
     </span>
     <span class='ocr_line' id='line_1_8' title="bbox 317 1403 1116 1487; baseline 0.003 -11"><span class='ocrx_word' id='word_1_47' title='bbox 317 1421 373 1477; x_wconf 88' lang='lat' dir='ltr'>tur</span> <span class='ocrx_word' id='word_1_48' title='bbox 386 1430 460 1475; x_wconf 87' lang='lat' dir='ltr'>cum</span> <span class='ocrx_word' id='word_1_49' title='bbox 476 1406 656 1475; x_wconf 82' lang='lat' dir='ltr'>viro.&#39;Hoc</span> <span class='ocrx_word' id='word_1_50' title='bbox 668 1403 692 1469; x_wconf 85' lang='lat' dir='ltr'><strong>fi</strong></span> <span class='ocrx_word' id='word_1_51' title='bbox 703 1406 785 1469; x_wconf 88' lang='lat' dir='ltr'>nolis</span> <span class='ocrx_word' id='word_1_52' title='bbox 800 1406 929 1487; x_wconf 84' lang='lat' dir='ltr'>inferre,</span> <span class='ocrx_word' id='word_1_53' title='bbox 952 1408 1116 1479; x_wconf 78' lang='lat' dir='ltr'>&amp;inferar</span> 
     </span>
     <span class='ocr_line' id='line_1_9' title="bbox 314 1519 1114 1607; baseline -0.001 -19"><span class='ocrx_word' id='word_1_54' title='bbox 314 1526 368 1603; x_wconf 86' lang='lat' dir='ltr'>id,</span> <span class='ocrx_word' id='word_1_55' title='bbox 390 1524 474 1607; x_wconf 89' lang='lat' dir='ltr'>quod</span> <span class='ocrx_word' id='word_1_56' title='bbox 491 1520 650 1604; x_wconf 85' lang='lat' dir='ltr'>sequitur:</span> <span class='ocrx_word' id='word_1_57' title='bbox 677 1519 756 1583; x_wconf 84' lang='lat' dir='ltr'>fecit</span> <span class='ocrx_word' id='word_1_58' title='bbox 770 1519 870 1602; x_wconf 77' lang='lat' dir='ltr'>igitur</span> <span class='ocrx_word' id='word_1_59' title='bbox 884 1521 1055 1604; x_wconf 80' lang='lat' dir='ltr'>Incestum3</span> <span class='ocrx_word' id='word_1_60' title='bbox 1078 1525 1114 1593; x_wconf 71' lang='grc' dir='ltr'>δι</span> 
     </span>
     <span class='ocr_line' id='line_1_10' title="bbox 314 1631 1113 1719; baseline 0.005 -19"><span class='ocrx_word' id='word_1_61' title='bbox 314 1636 504 1701; x_wconf 82' lang='lat' dir='ltr'><strong>concluseris</strong></span> <span class='ocrx_word' id='word_1_62' title='bbox 520 1632 846 1715; x_wconf 74' lang='lat' dir='ltr'><strong>argumentationem,</strong></span> <span class='ocrx_word' id='word_1_63' title='bbox 868 1631 1113 1719; x_wconf 84' lang='lat' dir='ltr'>&amp;perspicuam</span> 
     </span>
     <span class='ocr_line' id='line_1_11' title="bbox 269 1745 1114 1833; baseline -0.001 -17"><span class='ocrx_word' id='word_1_64' title='bbox 269 1749 433 1833; x_wconf 66' lang='lat' dir='ltr'>taingario</span> <span class='ocrx_word' id='word_1_65' title='bbox 452 1747 719 1830; x_wconf 75' lang='lat' dir='ltr'>complexionem.</span> <span class='ocrx_word' id='word_1_66' title='bbox 764 1745 874 1821; x_wconf 82' lang='lat' dir='ltr'><strong>Quare</strong></span> <span class='ocrx_word' id='word_1_67' title='bbox 888 1746 924 1812; x_wconf 91' lang='lat' dir='ltr'>in</span> <span class='ocrx_word' id='word_1_68' title='bbox 938 1749 1043 1833; x_wconf 78' lang='lat' dir='ltr'>longis</span> <span class='ocrx_word' id='word_1_69' title='bbox 1060 1771 1114 1816; x_wconf 87' lang='lat' dir='ltr'>ar·</span> 
     </span>
     <span class='ocr_line' id='line_1_12' title="bbox 311 1855 1113 1947; baseline 0.007 -22"><span class='ocrx_word' id='word_1_70' title='bbox 311 1861 619 1947; x_wconf 83' lang='lat' dir='ltr'>gumentationibus,</span> <span class='ocrx_word' id='word_1_71' title='bbox 640 1880 681 1923; x_wconf 84' lang='lat' dir='ltr'>ex</span> <span class='ocrx_word' id='word_1_72' title='bbox 701 1855 980 1937; x_wconf 69' lang='lat' dir='ltr'>conductionibus,</span> <span class='ocrx_word' id='word_1_73' title='bbox 1001 1871 1113 1931; x_wconf 85' lang='lat' dir='ltr'>autex</span> 
     </span>
    </p>

    <p class='ocr_par' dir='ltr' id='par_1_5' title="bbox 272 1958 1111 2289">
     <span class='ocr_line' id='line_1_13' title="bbox 272 1958 1111 2057; baseline 0.007 -17"><span class='ocrx_word' id='word_1_74' title='bbox 272 1959 279 1975; x_wconf 29' lang='lat' dir='ltr'>x</span> <span class='ocrx_word' id='word_1_75' title='bbox 309 1975 471 2040; x_wconf 86' lang='lat' dir='ltr'>contrario</span> <span class='ocrx_word' id='word_1_76' title='bbox 494 1958 664 2057; x_wconf 68' lang='lat' dir='ltr'>complesti</span> <span class='ocrx_word' id='word_1_77' title='bbox 681 1978 827 2056; x_wconf 80' lang='lat' dir='ltr'>oportetr</span> <span class='ocrx_word' id='word_1_78' title='bbox 851 1973 885 2038; x_wconf 91' lang='lat' dir='ltr'>in</span> <span class='ocrx_word' id='word_1_79' title='bbox 903 1975 1054 2041; x_wconf 84' lang='lat' dir='ltr'>brevibus</span> <span class='ocrx_word' id='word_1_80' title='bbox 1076 1978 1111 2046; x_wconf 87' lang='lat' dir='ltr'>id</span> 
     </span>
     <span class='ocr_line' id='line_1_14' title="bbox 307 2084 1109 2173; baseline -0.001 -18"><span class='ocrx_word' id='word_1_81' title='bbox 307 2087 421 2168; x_wconf 81' lang='lat' dir='ltr'>solum,</span> <span class='ocrx_word' id='word_1_82' title='bbox 443 2090 531 2173; x_wconf 90' lang='lat' dir='ltr'>quod</span> <span class='ocrx_word' id='word_1_83' title='bbox 548 2084 728 2162; x_wconf 84' lang='lat' dir='ltr'>conficitur,</span> <span class='ocrx_word' id='word_1_84' title='bbox 750 2104 926 2170; x_wconf 82' lang='lat' dir='ltr'>exponere:</span> <span class='ocrx_word' id='word_1_85' title='bbox 949 2086 1051 2163; x_wconf 87' lang='lat' dir='ltr'>iniis,</span> <span class='ocrx_word' id='word_1_86' title='bbox 1073 2092 1109 2157; x_wconf 87' lang='lat' dir='ltr'>in</span> 
     </span>
     <span class='ocr_line' id='line_1_15' title="bbox 307 2199 1109 2289; baseline 0.002 -20"><span class='ocrx_word' id='word_1_87' title='bbox 307 2201 426 2289; x_wconf 80' lang='lat' dir='ltr'>quibus</span> <span class='ocrx_word' id='word_1_88' title='bbox 448 2202 556 2268; x_wconf 80' lang='lat' dir='ltr'>exitus</span> <span class='ocrx_word' id='word_1_89' title='bbox 582 2201 766 2285; x_wconf 86' lang='lat' dir='ltr'>perspicuus</span> <span class='ocrx_word' id='word_1_90' title='bbox 784 2199 853 2279; x_wconf 88' lang='lat' dir='ltr'>est,</span> <span class='ocrx_word' id='word_1_91' title='bbox 882 2201 1109 2279; x_wconf 86' lang='lat' dir='ltr'>consecutione</span> 
     </span>
    </p>

    <p class='ocr_par' dir='ltr' id='par_1_6' title="bbox 204 2315 1108 2964">
     <span class='ocr_line' id='line_1_16' title="bbox 204 2315 1108 2401; baseline -0.014 -16"><span class='ocrx_word' id='word_1_92' title='bbox 204 2390 207 2397; x_wconf 68' lang='grc'><em>,</em></span> <span class='ocrx_word' id='word_1_93' title='bbox 307 2317 368 2384; x_wconf 84' lang='lat' dir='ltr'>uti.</span> <span class='ocrx_word' id='word_1_94' title='bbox 412 2315 447 2381; x_wconf 86' lang='lat' dir='ltr'>Si</span> <span class='ocrx_word' id='word_1_95' title='bbox 461 2316 519 2400; x_wconf 91' lang='lat' dir='ltr'>qui</span> <span class='ocrx_word' id='word_1_96' title='bbox 535 2322 643 2380; x_wconf 86' lang='lat' dir='ltr'>autem</span> <span class='ocrx_word' id='word_1_97' title='bbox 664 2336 704 2379; x_wconf 83' lang='lat' dir='ltr'>ex</span> <span class='ocrx_word' id='word_1_98' title='bbox 720 2333 783 2377; x_wconf 92' lang='lat' dir='ltr'>una</span> <span class='ocrx_word' id='word_1_99' title='bbox 797 2333 924 2397; x_wconf 89' lang='lat' dir='ltr'>quoque</span> <span class='ocrx_word' id='word_1_100' title='bbox 938 2324 1029 2399; x_wconf 85' lang='lat' dir='ltr'>parte</span> <span class='ocrx_word' id='word_1_101' title='bbox 1043 2337 1108 2401; x_wconf 89' lang='lat' dir='ltr'>pu.</span> 
     </span>
     <span class='ocr_line' id='line_1_17' title="bbox 303 2426 1107 2512; baseline 0.004 -20"><span class='ocrx_word' id='word_1_102' title='bbox 303 2430 419 2494; x_wconf 60' lang='lat' dir='ltr'>abunt</span> <span class='ocrx_word' id='word_1_103' title='bbox 437 2428 579 2494; x_wconf 84' lang='lat' dir='ltr'>constare</span> <span class='ocrx_word' id='word_1_104' title='bbox 603 2426 932 2510; x_wconf 73' lang='lat' dir='ltr'>argumentationem,</span> <span class='ocrx_word' id='word_1_105' title='bbox 954 2437 1107 2512; x_wconf 86' lang='lat' dir='ltr'>poterunt</span> 
     </span>
     <span class='ocr_line' id='line_1_18' title="bbox 303 2532 1103 2625; baseline 0.003 -20"><span class='ocrx_word' id='word_1_106' title='bbox 303 2541 429 2619; x_wconf 82' lang='lat' dir='ltr'>dicere,</span> <span class='ocrx_word' id='word_1_107' title='bbox 453 2542 535 2625; x_wconf 82' lang='lat' dir='ltr'>saepe</span> <span class='ocrx_word' id='word_1_108' title='bbox 550 2540 622 2604; x_wconf 80' lang='lat' dir='ltr'>satis</span> <span class='ocrx_word' id='word_1_109' title='bbox 638 2539 700 2603; x_wconf 82' lang='lat' dir='ltr'>elie</span> <span class='ocrx_word' id='word_1_110' title='bbox 715 2541 776 2602; x_wconf 91' lang='lat' dir='ltr'>hoc</span> <span class='ocrx_word' id='word_1_111' title='bbox 790 2532 885 2606; x_wconf 83' lang='lat' dir='ltr'>modo</span> <span class='ocrx_word' id='word_1_112' title='bbox 900 2550 1103 2623; x_wconf 78' lang='lat' dir='ltr'>argumenta·</span> 
     </span>
     <span class='ocr_line' id='line_1_19' title="bbox 300 2652 1102 2737; baseline 0.004 -19"><span class='ocrx_word' id='word_1_113' title='bbox 300 2652 424 2718; x_wconf 81' lang='lat' dir='ltr'>tionem</span> <span class='ocrx_word' id='word_1_114' title='bbox 441 2655 565 2717; x_wconf 83' lang='lat' dir='ltr'>lacere:</span> <span class='ocrx_word' id='word_1_115' title='bbox 597 2652 762 2727; x_wconf 85' lang='lat' dir='ltr'>Quoniam</span> <span class='ocrx_word' id='word_1_116' title='bbox 780 2655 920 2737; x_wconf 84' lang='lat' dir='ltr'>peperit,</span> <span class='ocrx_word' id='word_1_117' title='bbox 944 2674 1016 2718; x_wconf 89' lang='lat' dir='ltr'>cum</span> <span class='ocrx_word' id='word_1_118' title='bbox 1031 2656 1102 2721; x_wconf 85' lang='lat' dir='ltr'>viro</span> 
     </span>
     <span class='ocr_line' id='line_1_20' title="bbox 301 2763 1106 2852; baseline 0.004 -21"><span class='ocrx_word' id='word_1_119' title='bbox 301 2763 486 2831; x_wconf 77' lang='lat' dir='ltr'>concubuit.</span> <span class='ocrx_word' id='word_1_120' title='bbox 515 2766 600 2830; x_wconf 88' lang='lat' dir='ltr'>Nam</span> <span class='ocrx_word' id='word_1_121' title='bbox 616 2766 678 2828; x_wconf 90' lang='lat' dir='ltr'>hoc</span> <span class='ocrx_word' id='word_1_122' title='bbox 694 2765 817 2830; x_wconf 88' lang='lat' dir='ltr'>nullius</span> <span class='ocrx_word' id='word_1_123' title='bbox 831 2788 936 2851; x_wconf 87' lang='lat' dir='ltr'>neque</span> <span class='ocrx_word' id='word_1_124' title='bbox 948 2770 1106 2852; x_wconf 86' lang='lat' dir='ltr'>approba·</span> 
     </span>
     <span class='ocr_line' id='line_1_21' title="bbox 300 2876 1105 2964; baseline 0.004 -19"><span class='ocrx_word' id='word_1_125' title='bbox 300 2879 417 2960; x_wconf 77' lang='lat' dir='ltr'>tiocia,</span> <span class='ocrx_word' id='word_1_126' title='bbox 438 2898 543 2963; x_wconf 87' lang='lat' dir='ltr'>neque</span> <span class='ocrx_word' id='word_1_127' title='bbox 558 2876 770 2958; x_wconf 84' lang='lat' dir='ltr'>aliumtionis,</span> <span class='ocrx_word' id='word_1_128' title='bbox 793 2881 845 2946; x_wconf 87' lang='lat' dir='ltr'>vel</span> <span class='ocrx_word' id='word_1_129' title='bbox 860 2881 930 2964; x_wconf 87' lang='lat' dir='ltr'>ejus</span> <span class='ocrx_word' id='word_1_130' title='bbox 945 2884 1105 2964; x_wconf 89' lang='lat' dir='ltr'>approba·</span> 
     </span>
    </p>

    <p class='ocr_par' dir='ltr' id='par_1_7' title="bbox 194 2992 1105 3641">
     <span class='ocr_line' id='line_1_22' title="bbox 194 2992 1103 3076; baseline 0.007 -19"><span class='ocrx_word' id='word_1_131' title='bbox 194 3024 197 3028; x_wconf 96' lang='lat'>·</span> <span class='ocrx_word' id='word_1_132' title='bbox 279 2993 418 3072; x_wconf 59' lang='lat' dir='ltr'>tionis,</span> <span class='ocrx_word' id='word_1_133' title='bbox 449 3013 555 3076; x_wconf 85' lang='lat' dir='ltr'>neque</span> <span class='ocrx_word' id='word_1_134' title='bbox 579 2993 811 3074; x_wconf 83' lang='lat' dir='ltr'>complexionis</span> <span class='ocrx_word' id='word_1_135' title='bbox 830 2992 984 3076; x_wconf 78' lang='lat' dir='ltr'>indigere.</span> <span class='ocrx_word' id='word_1_136' title='bbox 1037 2993 1103 3064; x_wconf 87' lang='lat' dir='ltr'>Sed</span> 
     </span>
     <span class='ocr_line' id='line_1_23' title="bbox 299 3106 1105 3190; baseline 0.009 -20"><span class='ocrx_word' id='word_1_137' title='bbox 299 3108 392 3172; x_wconf 83' lang='lat' dir='ltr'>nobis</span> <span class='ocrx_word' id='word_1_138' title='bbox 412 3106 620 3190; x_wconf 78' lang='lat' dir='ltr'>ambiguitate</span> <span class='ocrx_word' id='word_1_139' title='bbox 642 3106 781 3170; x_wconf 80' lang='lat' dir='ltr'>nominis</span> <span class='ocrx_word' id='word_1_140' title='bbox 806 3106 956 3172; x_wconf 87' lang='lat' dir='ltr'>videntur</span> <span class='ocrx_word' id='word_1_141' title='bbox 981 3128 1105 3177; x_wconf 74' lang='lat' dir='ltr'>errare.</span> 
     </span>
     <span class='ocr_line' id='line_1_24' title="bbox 298 3217 1101 3302; baseline 0.001 -18"><span class='ocrx_word' id='word_1_142' title='bbox 298 3217 385 3284; x_wconf 87' lang='lat' dir='ltr'>Nam</span> <span class='ocrx_word' id='word_1_143' title='bbox 404 3220 639 3302; x_wconf 80' lang='lat' dir='ltr'>argumentatio</span> <span class='ocrx_word' id='word_1_144' title='bbox 657 3221 788 3284; x_wconf 80' lang='lat' dir='ltr'>nomiae</span> <span class='ocrx_word' id='word_1_145' title='bbox 806 3239 871 3283; x_wconf 94' lang='lat' dir='ltr'>uno</span> <span class='ocrx_word' id='word_1_146' title='bbox 890 3241 941 3284; x_wconf 82' lang='lat' dir='ltr'>res</span> <span class='ocrx_word' id='word_1_147' title='bbox 960 3223 1039 3285; x_wconf 79' lang='lat' dir='ltr'>duaa</span> <span class='ocrx_word' id='word_1_148' title='bbox 1058 3221 1101 3285; x_wconf 85' lang='lat' dir='ltr'>fi·</span> 
     </span>
     <span class='ocr_line' id='line_1_25' title="bbox 295 3330 1100 3417; baseline 0.004 -20"><span class='ocrx_word' id='word_1_149' title='bbox 295 3332 438 3416; x_wconf 79' lang='lat' dir='ltr'>gnificat,</span> <span class='ocrx_word' id='word_1_150' title='bbox 461 3333 546 3410; x_wconf 84' lang='lat' dir='ltr'>ideo,</span> <span class='ocrx_word' id='word_1_151' title='bbox 571 3330 706 3415; x_wconf 87' lang='lat' dir='ltr'>quod&amp;</span> <span class='ocrx_word' id='word_1_152' title='bbox 724 3333 890 3397; x_wconf 88' lang='lat' dir='ltr'>inventum</span> <span class='ocrx_word' id='word_1_153' title='bbox 907 3335 1049 3417; x_wconf 81' lang='lat' dir='ltr'>aliquam</span> <span class='ocrx_word' id='word_1_154' title='bbox 1064 3336 1100 3400; x_wconf 88' lang='lat' dir='ltr'>in</span> 
     </span>
     <span class='ocr_line' id='line_1_26' title="bbox 293 3445 1101 3533; baseline 0.004 -24"><span class='ocrx_word' id='word_1_155' title='bbox 293 3464 363 3510; x_wconf 87' lang='lat' dir='ltr'>rem</span> <span class='ocrx_word' id='word_1_156' title='bbox 376 3445 556 3527; x_wconf 85' lang='lat' dir='ltr'>probabile,</span> <span class='ocrx_word' id='word_1_157' title='bbox 579 3455 635 3509; x_wconf 87' lang='lat' dir='ltr'>aut</span> <span class='ocrx_word' id='word_1_158' title='bbox 649 3445 872 3523; x_wconf 82' lang='lat' dir='ltr'>neceliarium,</span> <span class='ocrx_word' id='word_1_159' title='bbox 894 3458 1101 3533; x_wconf 77' lang='lat' dir='ltr'>argumenta·</span> 
     </span>
     <span class='ocr_line' id='line_1_27' title="bbox 293 3557 1100 3641; baseline 0.006 -22"><span class='ocrx_word' id='word_1_160' title='bbox 293 3557 341 3619; x_wconf 86' lang='lat' dir='ltr'>tio</span> <span class='ocrx_word' id='word_1_161' title='bbox 362 3573 515 3636; x_wconf 83' lang='lat' dir='ltr'>vocatur,</span> <span class='ocrx_word' id='word_1_162' title='bbox 538 3557 572 3623; x_wconf 73' lang='grc' dir='ltr'>δε</span> <span class='ocrx_word' id='word_1_163' title='bbox 590 3559 658 3640; x_wconf 88' lang='lat' dir='ltr'>ejus</span> <span class='ocrx_word' id='word_1_164' title='bbox 673 3559 797 3623; x_wconf 85' lang='lat' dir='ltr'>inventi</span> <span class='ocrx_word' id='word_1_165' title='bbox 814 3558 984 3623; x_wconf 85' lang='lat' dir='ltr'>artificiosa</span> <span class='ocrx_word' id='word_1_166' title='bbox 998 3581 1100 3641; x_wconf 79' lang='lat' dir='ltr'>expo·</span> 
     </span>
    </p>

    <p class='ocr_par' dir='ltr' id='par_1_8' title="bbox 246 3667 1100 3758">
     <span class='ocr_line' id='line_1_28' title="bbox 246 3667 1100 3758; baseline -0.001 -16"><span class='ocrx_word' id='word_1_167' title='bbox 246 3677 281 3743; x_wconf 80' lang='lat'>7⁵</span> <span class='ocrx_word' id='word_1_168' title='bbox 290 3670 376 3738; x_wconf 84' lang='lat' dir='ltr'>litio.</span> <span class='ocrx_word' id='word_1_169' title='bbox 421 3667 561 3748; x_wconf 85' lang='lat' dir='ltr'>Quando</span> <span class='ocrx_word' id='word_1_170' title='bbox 575 3673 673 3756; x_wconf 79' lang='lat' dir='ltr'>igitur</span> <span class='ocrx_word' id='word_1_171' title='bbox 683 3673 977 3758; x_wconf 78' lang='lat' dir='ltr'>proferentaliquid</span> <span class='ocrx_word' id='word_1_172' title='bbox 988 3672 1100 3757; x_wconf 69' lang='lat' dir='ltr'>hujuiq</span> 
     </span>
    </p>
   </div>
   <div class='ocr_carea' id='block_1_3' title="bbox 0 0 1368 4350">
    <p class='ocr_par' dir='ltr' id='par_1_9' title="bbox 0 0 1368 4350">
     <span class='ocr_line' id='line_1_29' title="bbox 0 0 1368 4350; baseline 0 9"><span class='ocrx_word' id='word_1_173' title='bbox 0 0 1368 4350; x_wconf 95' lang='lat' dir='ltr'> </span> 
     </span>
    </p>
   </div>
  </div>
 </body>
</html>
