2725 4350
276 462 423 583 '299
525 441 1045 595 nnonnnonn¹
1123 558 1126 564 ,

317 711 320 717 -
358 680 380 727 ι
404 658 587 738 deteriore,
614 661 768 725 facultate
792 661 894 745 magia
920 683 1020 752 quarn
1047 688 1154 751 genere

358 774 576 857 distinguitur,
597 782 694 854 atque
715 792 811 837 omne
826 775 996 855 laudatur,
1019 786 1107 863 quod
1125 786 1154 848 in

357 891 415 957 sun
434 906 550 969 genere
569 883 747 969 perietium
769 886 831 952 est:
863 888 939 970 quid
960 893 1114 973 censetis,
1133 895 1152 959 fi

358 1022 492 1077 omnen,
513 999 568 1082 qui
585 997 706 1081 ubique
720 998 808 1074 sunt,
832 1009 888 1076 ant
898 1002 1038 1072 suerunt
1053 1019 1152 1073 orato·

356 1137 426 1193 rea,
448 1110 598 1195 ampleffl
619 1109 843 1176 voluerimus?
864 1133 974 1180 nonne
996 1120 1088 1199 fore,
1111 1130 1151 1199 ur,

356 1235 438 1315 quot
451 1234 605 1301 oratores,
627 1223 761 1287 totidem
777 1243 868 1306 paene
882 1230 1090 1311 reperiantur
1101 1255 1149 1317 gr·

353 1359 434 1409 nera
448 1337 601 1417 dicendi?
626 1337 673 1400 En
689 1354 753 1419 qua
769 1356 841 1401 mea
857 1339 1076 1419 disputatione
1092 1351 1150 1412 sor·

354 1452 437 1521 sitan
453 1455 600 1515 occurrat
622 1448 721 1524 iilud,
744 1446 767 1510 fi
787 1468 879 1533 paene
899 1451 1148 1524 innumerabiles

240 1593 242 1604 =
352 1568 416 1635 sint
436 1560 650 1647 qnasiformae
667 1559 1021 1645 figuraequedieendi,
1054 1571 1146 1656 specie

351 1679 507 1761 dispater,
538 1693 664 1756 genere.
677 1674 873 1753 laudabilem
896 1698 962 1743 non
984 1684 1073 1765 posse
1095 1704 1144 1763 ea,

181 1782 188 1813 ‘
318 1785 325 1792 ’
352 1812 426 1876 qnae
446 1790 531 1853 inter
549 1786 580 1851 se
604 1785 798 1869 discrepant,
827 1788 937 1855 iisdem
964 1800 1145 1882 praeceptis,

306 1935 343 1997 35
352 1915 447 1990 atque
460 1902 494 1967 in
507 1918 570 1964 una
584 1898 780 1963 institutione
790 1896 935 1968 iorr'nari.
972 1908 1075 1984 Quod
1083 1933 1144 2006 'non

350 2019 395 2085 est
409 2018 473 2082 ita:
496 2008 791 2095 diligentiffimeque
802 2014 864 2077 hoc
879 2014 923 2079 est
939 2018 1005 2096 eis,
1029 2026 1088 2106 qui
1101 2026 1144 2088 in·

348 2133 483 2199 stituunt
496 2127 634 2208 aliquos,
656 2134 753 2206 atque
769 2128 937 2207 erudiunt,
962 2125 1142 2215 videndum,

346 2266 414 2331 qun
427 2245 480 2307 sua
491 2258 649 2322 quemque
661 2248 776 2302 natura
790 2242 927 2306 maxime
939 2246 1027 2311 serre
1040 2250 1141 2315 videa·

344 2368 412 2423 tur.
456 2353 585 2420 Etenim
599 2351 754 2426 videmus,
776 2374 815 2415 ex
832 2358 944 2418 eodem
961 2359 1053 2440 quast
1071 2364 1139 2427 ludo

343 2470 541 2535 summorum
559 2467 592 2528 in
614 2464 670 2526 sno
689 2463 837 2546 cujusque
851 2488 968 2547 genere
983 2475 1139 2538 artificum

344 2583 378 2648 ἀ
398 2579 618 2665 magistrorum
638 2575 734 2642 exisse
755 2577 949 2662 discipulos,
980 2585 1139 2651 dissimiles

339 2697 425 2760 inter
439 2695 486 2770 se,
510 2691 863 2777 attamenlaudandom
886 2714 962 2758 cnm
979 2699 1020 2760 ad
1041 2674 1138 2783 cnjus.

340 2827 405 2890 qne
416 2815 568 2871 naturam
582 2800 740 2867 institutio
758 2804 897 2870 dosioris
914 2817 1137 2877 accommoda·

293 2930 438 3014 3⁶retnr.
491 2916 588 2998 entus
612 2914 658 2979 est
681 2917 733 2979 vel
753 2919 890 2983 maxime
910 2919 1034 3004 insigne
1059 2925 1135 2991 ilius

336 3033 520 3117 exemplum
529 3028 586 3112 (nt
598 3037 720 3097 ceteras
732 3039 814 3097 artes
831 3033 1039 3122 omittamus)
1051 3042 1135 3122 qnod

222 3177 228 3192 ²
332 3149 462 3215 dicebat
478 3145 650 3220 isocrates,
681 3141 1048 3235 sotiorfingularis‚se
1073 3155 1135 3216 cns-

333 3260 460 3328 aaribus
481 3261 515 3321 in
537 3254 691 3339 Ephoro,
721 3266 829 3334 contra
851 3267 953 3321 autem
978 3265 1012 3323 in
1039 3264 1134 3340 Tiren-

328 3396 441 3458 pnmpo
455 3371 563 3456 frenis
583 3371 631 3436 uti
645 3367 755 3451 solere.
787 3370 924 3439 alterum
945 3374 1054 3453 enim,
1079 3399 1133 3443 ex.

248 3444 270 3479 n
328 3483 499 3550 saltantem
514 3482 685 3547 verborum
699 3483 845 3560 audacia,
860 3487 1072 3567 reprimebat,
1089 3492 1133 3575 alf

324 3606 457 3685 smum,
473 3593 680 3668 nuntiantem
691 3590 728 3659 st
742 3594 828 3680 quasi
842 3603 1133 3681 verecundantem,
