2725 4350
310 528 377 594 300
475 475 955 582 nuounuo'nu

248 675 251 686 ¹
311 680 470 758 faciendi,
500 678 535 745 &
553 678 636 744 bene
654 678 783 744 dicendi
801 676 989 762 magistra
1023 693 1112 762 utque

215 807 220 846 ὁ
312 793 464 880 disiuntli
482 790 652 869 dostnrer,
680 789 734 854 sed
753 791 861 856 iidem
882 798 987 858 eraut
1003 789 1121 862 viventii.

218 905 226 964 ':·
311 917 526 994 praeceptores
542 912 640 987 atque
653 903 801 981 dicendi;
824 911 868 970 ut
878 905 939 982 ille
955 908 1047 997 apurl
1062 905 1119 970 llo·

227 1015 235 1110 '3
313 1043 440 1088 merum
457 1017 610 1094 Pboenix,
632 1016 691 1098 qul
703 1016 734 1081 ie
747 1036 768 1081 a
783 1017 888 1083 Pelen
903 1027 1005 1102 patre
1013 1016 1121 1084 Achilli

312 1135 422 1221 juveni
442 1131 595 1194 comitem
617 1126 679 1198 effe
697 1131 807 1194 datum
826 1130 916 1198 ditit
936 1135 983 1198 ad
1000 1133 1120 1208 bellum,

223 1226 226 1234 ’
313 1248 467 1314 utillum
489 1240 632 1309 efficeret
651 1251 808 1306 oratorem
829 1242 1034 1320 verborum,
1054 1243 1121 1310 aba·

236 1341 241 1390 ³
272 1370 439 1444 Strataque
453 1376 571 1421 aarum.
615 1352 678 1419 Sed
690 1362 728 1419 ut
738 1354 909 1435 homines,
931 1358 1054 1423 labore
1065 1355 1121 1422 alil·

315 1478 381 1540 duo
404 1472 438 1536 u
461 1469 648 1552 quotidiano
669 1466 798 1543 aliueti,
825 1488 910 1533 curn
929 1471 1122 1556 tempestrtb

314 1585 408 1652 causa
421 1602 517 1667 opere
529 1580 750 1663 probibentur,
771 1582 813 1645 ad
826 1580 937 1664 pilam
952 1582 1002 1662 se,
1026 1584 1121 1650 autel

313 1700 418 1772 talos,
440 1701 498 1758 aut
514 1694 555 1758 ad
577 1691 707 1758 tesseras
729 1695 931 1772 conferunt,
956 1698 1121 1764 autetiam
1152 1713 1155 1718 ·

313 1830 437 1879 novum
447 1806 506 1872 libi
519 1805 576 1891 ipli
589 1806 730 1890 aliquem
742 1806 935 1889 excogitant
950 1811 991 1875 in
1003 1812 1075 1876 otio
1085 1811 1125 1876 ln·

315 1928 418 1991 dum:
451 1919 493 1985 lic
513 1921 562 1986 illi
584 1939 604 1983 a
625 1918 762 2001 negotiis
783 1920 950 2002 publicis,
976 1933 1125 2008 tanquan

316 2038 357 2105 ab
370 2056 478 2120 opere,
499 2043 556 2098 aut
567 2032 763 2116 temporibus
776 2032 911 2113 exclufi,
935 2015 1012 2100 aut'
1022 2031 1128 2104 volunss

316 2160 385 2217 tate
406 2151 460 2215 sua
478 2149 599 2224 feriati,
628 2156 714 2211 toros
730 2147 759 2212 se
778 2146 834 2210 alii
854 2148 898 2212 ad
920 2154 1060 2233 politas,
1081 2149 1128 2216 alil

317 2269 358 2332 ad
375 2270 572 2349 geometras,
601 2260 656 2324 alii
675 2261 716 2322 ad
738 2257 876 2325 musicos
898 2268 1128 2339 contulerunt,

316 2379 372 2442 alii
385 2377 500 2452 etiam,
522 2385 561 2438 ut
575 2372 751 2446 dialectici,
774 2393 898 2439 novum
919 2373 984 2440 fibi
996 2378 1055 2462 ipfi
1073 2379 1128 2442 stu·

316 2492 407 2556 diurn
423 2492 598 2570 ludumque
615 2492 824 2569 pepererunt,
847 2492 949 2567 atque
968 2490 1008 2554 in
1026 2493 1069 2556 lle
1083 2511 1129 2554 ar·

214 2684 216 2691 y
315 2605 421 2680 tibus,
444 2622 518 2684 quae
533 2609 668 2683 repertae
682 2597 771 2674 sunt,
793 2606 830 2660 ut
842 2604 1030 2680 puerorunl
1043 2625 1128 2671 rnen·

226 2713 228 2716 ⁴
317 2725 368 2781 tes
385 2718 424 2778 ad
437 2714 669 2776 humanitatem
689 2711 889 2793 fingerentur
903 2722 1011 2795 atque
1031 2718 1130 2781 virtu.

317 2835 404 2903 tem,
427 2846 523 2890 omne
543 2834 673 2907 tempus
695 2833 794 2906 atque
813 2830 930 2887 aetates
953 2826 1035 2894 suaa
1057 2850 1130 2894 con.

252 2933 505 3020 16sumlerunt.
551 2937 615 3002 Sed
639 2940 727 3021 quod
748 2944 839 3014 eraut
857 2936 1021 3019 quidam,
1044 2943 1133 3027 iique

273 3052 309 3108 5⁹
320 3054 432 3130 multi,
454 3053 509 3135 qul
532 3052 642 3117 autin
665 3051 829 3135 republica
845 3060 980 3132 propter
1007 3056 1130 3138 ancipi.

316 3176 402 3243 tem,
424 3185 497 3248 quae
514 3184 579 3226 nnn
600 3163 701 3248 potest
723 3163 784 3227 elle
803 3160 963 3245 sejuuita,
987 3167 1130 3233 faciendi

296 3309 301 3318 ·
315 3277 511 3360 dicendique
526 3276 722 3359 sapientiam,
746 3276 910 3352 florerent,
935 3287 972 3342 ut
988 3277 1129 3346 Themi-

317 3392 453 3469 iioclee,
479 3396 518 3454 ut
539 3388 701 3467 Pericles,
725 3397 761 3452 ut
778 3388 1029 3471 Theramenes,
1053 3403 1126 3473 aut,

313 3506 375 3585 qul
391 3505 497 3568 minus
516 3499 572 3585 ipfi
592 3501 626 3566 in
647 3502 808 3586 republica
826 3501 1051 3582 versarentur,
1076 3507 1126 3571 led

315 3613 415 3700 bujus
433 3623 541 3682 tamen
558 3614 701 3701 eiusdem
718 3614 880 3703 sapientiae
899 3613 1058 3692 dostnreu
1079 3619 1125 3685 es·
