2725 4350
350 492 417 587 urs
516 497 985 576 on1uvuun10nu

352 684 511 748 rationem
533 683 689 747 auditoris
708 662 906 750 memoria&
921 686 960 749 de
981 679 1151 752 oo‘ntirma-¹

350 794 464 875 tione,
490 777 524 860 n
546 797 586 860 de
604 794 846 879 reprehenfione
870 796 1151 881 redintegrabitur.

350 907 463 993 Atque
481 910 551 977 haec
573 909 644 971 aliis
667 905 804 973 adilonis
827 930 956 994 quoque
975 913 1079 976 modis
1094 934 1155 977 va·

350 1024 435 1087 riare
457 1022 626 1103 oportebit.
672 1020 756 1086 Nam
778 1043 853 1086 cum
877 1045 917 1087 ex
938 1030 996 1089 tua
1018 1027 1153 1107 persona

353 1154 541 1202 enumerare
556 1131 667 1216 pollis,
691 1144 748 1213 ut,
771 1137 864 1219 quid,
887 1136 923 1201 dt
936 1155 999 1219 quo
1012 1127 1155 1222 quidque

352 1251 425 1314 loco
438 1246 568 1325 dixeris,
591 1250 780 1312 admoneas:
802 1256 872 1313 tum
889 1269 965 1314 vero
978 1252 1155 1333 personam,

355 1370 414 1440 aut
432 1382 501 1425 rem
523 1361 663 1443 aliquam
685 1362 857 1439 inducere,
880 1362 913 1427 dc
937 1368 1156 1455 enumeratio·

353 1492 429 1541 nem
443 1477 473 1539 ei
494 1482 595 1537 totam
611 1476 797 1539 attribuere.
824 1476 995 1541 'Personam
1009 1479 1070 1541 hoc
1084 1498 1155 1539 mo-

272 1632 274 1642 ·
356 1569 419 1653 do:
439 1587 529 1657 Nam
542 1584 565 1649 sr
579 1588 661 1671 legis
675 1588 810 1671 scriptor
823 1587 962 1664 exsistat,
986 1589 1020 1655 dr
1033 1597 1156 1673 quaerat

240 1717 244 1733 ·
286 1741 288 1746 ·
357 1701 499 1777 avobis,
522 1702 602 1785 quid
620 1701 793 1779 dubitetis,
815 1703 893 1785 quid
907 1700 1026 1785 poflitis
1039 1695 1156 1779 dicere,

358 1832 434 1878 cum
451 1814 540 1878 vobis
553 1815 617 1881 hoc
632 1813 667 1879 dr
680 1816 744 1878 hoe
754 1812 795 1876 fit
810 1808 1070 1879 demonstratum.
1093 1803 1158 1879 At-

301 1979 304 1986 .
358 1945 421 2010 que
442 1927 514 2002 hic,
542 1926 621 1990 item
637 1936 675 1991 nt
693 1929 727 1992 iu
749 1928 854 1991 nostra
875 1928 1024 2011 persona,
1050 1929 1160 1994 licebit

345 2037 438 2114 ,alias
461 2036 645 2130 singillatim
665 2039 795 2105 traufire
817 2030 928 2104 omnes
954 2050 1160 2122 argumenta-

358 2153 475 2231 tiones,
497 2153 575 2216 alias
590 2155 630 2217 ad
642 2136 831 2235 partitiones
844 2152 964 2238 singula
976 2173 1095 2236 genera
1108 2177 1161 2221 re·

358 2250 455 2344 ferre,
478 2267 555 2331 alias
564 2268 603 2330 ab
613 2269 772 2345 auditore,
790 2267 870 2353 quid
881 2263 1047 2346 defideret,
1070 2289 1160 2350 quec-

360 2397 450 2461 rere,
478 2381 562 2448 ,alias
582 2363 653 2446 naeo
675 2383 782 2448 facere
803 2400 860 2465 per
884 2382 1168 2464 comparationem¹

360 2495 489 2558 suarum
515 2493 549 2560 dr
574 2497 806 2562 contrariarum
830 2494 1156 2577 argumentationum.

298 2592 347 2661 10'0
362 2607 427 2670 Res
437 2614 547 2670 autern
560 2607 740 2683 inducetur,
762 2606 895 2671 fialicui
907 2592 955 2673 rei
967 2583 1158 2686 hujusmodi,

362 2719 448 2800 legi,
478 2720 574 2794 loco,
604 2718 702 2794 urbi,
730 2728 939 2785 monumento
963 2717 1159 2783 attribuetur

363 2831 464 2895 oratio
478 2849 535 2914 per
550 2832 834 2910 enumerationem,
857 2834 920 2898 hoc
936 2836 1047 2897 modo:
1072 2832 1161 2907 Quid

361 2942 487 3027 filegea
508 2944 596 3028 loqui
611 2945 756 3030 potienti
778 2964 884 3010 nonne
903 2947 974 3010 haee
995 2946 1078 3028 apud
1102 2967 1161 3011 vos

363 3057 600 3143 quererentur?
631 3059 792 3137 Quidnam
811 3060 947 3144 amplius
964 3058 1161 3135 desideratis,

259 3197 263 3215 2
359 3171 504 3254 judices,
536 3191 608 3234 cum
627 3174 718 3239 vobis
737 3173 800 3236 hoc
821 3172 854 3238 ὅ(
874 3175 936 3236 hoc
960 3173 1088 3254 planum
1111 3173 1126 3234 f
1147 3206 1161 3220 ·

363 3282 451 3348 stum
467 3281 536 3348 fit?
572 3287 610 3349 ln
629 3286 692 3349 hoc
714 3305 843 3368 qnoque
865 3304 983 3367 genere
1008 3285 1160 3348 omnibus

361 3397 477 3462 eisdem
498 3398 601 3462 modis
621 3400 669 3462 uti
688 3399 807 3463 licebit.
852 3401 1030 3515 commupe
1049 3406 1159 3462 autem

358 3518 555 3592 pracceptum
569 3511 631 3575 hoc
645 3513 738 3575 datur
756 3514 795 3576 ad
812 3513 1098 3588 enumerationem,
1121 3518 1161 3574 ut

359 3641 400 3686 ea
412 3640 607 3719 unaquaque
620 3626 909 3710 argumentatione,
924 3624 1078 3710 quoniam
1092 3634 1160 3689 tota
1177 3702 1179 3706 .
