2725 4350
196 505 209 577 χ
320 487 390 578 ³5⁶
483 471 958 569 onon'nronn

324 668 416 751 cujus
429 664 573 731 membra
587 658 622 727 δι
633 664 749 747 peden,
771 672 808 730 ut
822 665 869 729 eit
884 668 993 747 idem,
1018 671 1130 741 suntin

325 782 414 856 omni
430 778 583 860 locupleti
604 776 751 841 oratione
773 776 897 843 diffusa.
946 783 1008 862 Et,
1032 784 1057 849 fi
1078 810 1132 854 nu.

252 924 254 930 ·
324 892 482 961 merosum
501 891 546 956 est
561 892 596 955 ld
614 890 647 953 in
664 886 812 955 omnibus
826 892 911 957 sonis
930 905 1034 981 utque
1051 903 1133 966 vocl-

322 1010 407 1086 bue,
435 1006 521 1091 quod
540 1004 638 1068 habet
657 993 809 1085 unaldum
828 1005 1080 1093 impreffiones,‘
1101 1014 1131 1081 ἀ

322 1122 412 1205 quod
432 1117 539 1183 metiri
556 1115 718 1199 possumus
733 1117 911 1181 intervullio¹
931 1128 1129 1207 aequalitem

320 1232 409 1299 reste
432 1252 535 1314 genus
555 1231 618 1294 hoc
638 1213 869 1309 numerorum,v
891 1236 1077 1305 dummodo
1095 1262 1131 1306 no

321 1347 513 1412 continuum
533 1343 594 1421 fit,
622 1345 656 1407 in
677 1330 832 1409 orationis
858 1348 958 1414 laude
981 1358 1128 1434 ponetur.

319 1460 406 1528 Nam
423 1459 447 1523 fi
463 1461 552 1523 rudis
567 1455 599 1520 δι
616 1457 762 1538 impolita
775 1462 920 1539 putanda
938 1464 985 1527 est
997 1467 1058 1531 illa
1072 1467 1127 1532 fine

318 1572 497 1641 Intervallis
516 1569 697 1650 loquacitas
713 1573 874 1653 peremnis
890 1572 927 1638 δι
945 1580 1124 1658 profluens,

319 1687 396 1769 qnid
418 1682 463 1749 est
486 1681 574 1746 aliud
595 1683 723 1763 cause„
745 1705 803 1748 our
823 1690 1048 1772 repudietur,
1077 1692 1124 1759 nili

316 1801 407 1883 quod
427 1797 598 1861 hominum
622 1816 716 1862 aureo
738 1818 852 1863 vocem
872 1811 992 1880 natura
1015 1812 1122 1873 modu.

299 1890 426 1978 'lentur
444 1910 551 1995 iplae?
572 1913 658 1995 quod
679 1910 767 1991 fieri,
789 1910 847 1976 nifi
867 1915 1121 2012 inelinumerut

249 2036 302 2094 186
316 2027 351 2092 in
372 2032 476 2101 voce,
506 2041 571 2087 non
592 2024 704 2108 potest.
760 2026 925 2093 Numerus
952 2031 1068 2099 'intem
1093 2036 1119 2099 in

316 2138 557 2206 contInuatione
570 2138 682 2203 nullus
698 2138 757 2204 est:
781 2140 954 2231 diliinttio,
971 2147 1005 2213 ἂ
1020 2168 1118 2233 aequa·

313 2257 420 2331 lium,
451 2252 485 2318 δι
504 2253 585 2332 saepe
605 2254 768 2317 variorum
786 2256 1037 2325 intervallorum
1056 2283 1119 2347 per·

249 2432 257 2441 ,
314 2366 429 2444 cuffio,
451 2386 621 2429 numerum
639 2366 789 2445 confictu
813 2388 910 2451 quem
927 2375 962 2436 in
979 2379 1134 2442 cadentis

313 2482 377 2546 bus
396 2482 515 2563 guttis,
549 2483 636 2561 quod
656 2483 833 2546 intervallis
862 2485 1118 2569 distinguuntur,

312 2602 426 2658 notare
448 2591 627 2676 possumus3
650 2593 685 2657 in
706 2596 793 2658 amni
813 2602 1043 2680 praecipitante
1059 2624 1116 2668 non

179 2738 183 2749 .
308 2706 483 2790 pofl'umus.
517 2689 636 2781 Quodfi
649 2708 849 2772 continuatio
861 2715 1037 2780 verborum
1052 2719 1114 2781 haeo

309 2819 430 2896 soluta,
454 2822 558 2883 multo
578 2818 622 2882 est
642 2822 747 2901 aptior
763 2831 861 2902 atque
879 2824 1073 2906 jucundior,
1094 2826 1114 2892 fi

309 2934 354 2999 est
377 2935 522 2997 articulis
539 2934 751 3014 membrisque
774 2923 948 3017 diliintta,
981 2939 1115 3024 quamfi

306 3049 496 3110 continuata
516 3068 554 3110 ac
577 3046 750 3128 produlia3
774 3051 918 3114 membru
937 3054 994 3117 illa
1016 3058 1115 3119 modi·
1160 3067 1162 3079 “

306 3159 402 3224 ficata
419 3160 481 3225 effe
499 3162 680 3225 debebunt.
704 3180 775 3241 quae
791 3160 840 3223 fi·
830 3184 864 3226 m
880 3175 1029 3231 extremo
1046 3172 1114 3233 bre·

307 3274 398 3339 viora
419 3274 515 3351 sunt,
543 3274 727 3354 intringitur
751 3275 805 3337 ille
826 3276 916 3357 quusi
941 3282 1114 3346 verborum

306 3390 467 3451 ambitus.
490 3386 533 3450 fic
551 3387 704 3449 enimhas
720 3389 874 3451 orationis
891 3393 1113 3459 conversiones

304 3494 413 3561 Graeci
433 3503 611 3564 nominant.
660 3500 769 3574 Quare
789 3511 847 3565 aut
867 3508 956 3584 paria
974 3507 1038 3570 efl'e
1060 3511 1113 3572 de·

303 3615 387 3691 bent
396 3614 812 3707 puletiomluuen'mr'loue„
829 3626 974 3683 extrema
989 3621 1110 3704 primis,

792 3927 808 3963 N
