2725 4350
374 553 376 557 ,
446 452 792 576 urrann
999 520 1042 587 μ

222 681 346 741 autern
360 687 504 757 quaeque,
516 670 721 750 constitutio,
744 670 780 739 ἀ
795 690 868 756 perr
886 671 1042 740 constitu·

221 789 343 863 tionis,
361 783 399 851 δι
413 784 757 865 annumeraretur,
777 784 841 852 srve
854 787 889 850 in
904 787 1042 866 ratione,

224 902 287 968 five
310 898 491 981 inscripto
514 899 676 976 versetur,
699 896 833 964 trattati
850 902 981 978 debeat,
1004 896 1040 965 δι

224 1036 297 1098 quae
311 1014 352 1077 in
370 1010 513 1095 quasque
528 1015 820 1095 argumentationes
835 1014 1040 1092 conveniant,

225 1126 419 1212 fingsstatirn
445 1125 479 1188 in
503 1123 642 1201 secundo
667 1127 751 1190 libro
778 1129 816 1192 de
843 1146 1039 1211 unoquoque

227 1259 349 1323 genere
363 1240 525 1304 nicenus.
570 1240 610 1304 Io
626 1240 794 1323 praesentia
811 1242 1036 1306 tantummodo

228 1369 397 1430 numeror,
422 1348 457 1416 ἂ
472 1354 597 1431 modos,
607 1428 609 1432 ¹
621 1351 656 1419 ἃ
670 1367 778 1436 partes
792 1353 1038 1435 argumentandi

228 1466 362 1532 confuse
371 1463 408 1530 δι
421 1465 579 1547 permixte
588 1464 805 1548 disperfimusr
821 1466 888 1550 post
903 1466 1037 1532 discrete

232 1569 387 1646 &eleete
401 1578 435 1642 in
451 1597 553 1659 genus
567 1582 719 1662 quodque
731 1581 852 1655 causae,
874 1579 954 1662 quid
966 1575 1038 1643 rui·

230 1712 290 1777 que
303 1690 505 1765 eonveniat,
528 1711 570 1755 ex
584 1693 644 1757 hae
660 1695 752 1776 copia
769 1694 961 1776 digeremus.

288 1805 410 1887 Atque
423 1803 562 1868 inveniri
575 1806 705 1888 quidem
716 1807 822 1870 omnis
834 1827 876 1870 ex
886 1808 937 1870 his
954 1804 1035 1872 locis
1045 1819 1079 1877 5ο

230 1916 471 2003 argumentatio
484 1920 621 1999 poterttr
643 1919 808 1987 inventam
821 1920 979 1995 exornari,
1000 1916 1036 1983 &
1050 1933 1063 1958 Ἰ

230 2042 330 2097 certae
350 2029 386 2095 iu
407 2040 515 2113 partes
535 2031 681 2114 distingui
696 2031 731 2097 u
750 2009 961 2097 suavissirnunr
978 2017 1037 2109 est,

230 2144 262 2210 rit
276 2146 404 2210 summe
424 2142 650 2222 ueceffarium‚
673 2142 708 2211 δι
726 2147 765 2211 ab
784 2146 861 2211 attio
877 2119 1056 2229 scriptort·'

230 2260 287 2324 bus
302 2257 449 2321 maxime
461 2254 657 2339 neglestum.
682 2277 780 2338 quare
797 2259 831 2336 δι
847 2260 887 2322 de
900 2278 938 2322 ea
951 2275 1037 2339 prae·
1072 2238 1075 2243 ’

230 2374 381 2457 ceptione
400 2372 492 2433 nobis
512 2372 545 2433 in
565 2372 627 2432 hoc
650 2374 720 2432 loco
742 2373 911 2457 dicendum
933 2370 1035 2433 visum

230 2487 290 2561 est,
315 2494 358 2548 ut
379 2483 657 2554 adinventionem
678 2486 858 2564 argumenti
882 2483 1035 2546 absolutio

229 2618 364 2681 quoque
381 2599 623 2677 argumentandi
638 2597 877 2679 adjungeretur.
906 2599 949 2660 Et
965 2616 1034 2660 ma·

227 2733 288 2794 gua
306 2729 387 2773 cum
410 2728 485 2771 cura
511 2709 728 2792 &diligentia
748 2713 840 2773 locus
858 2712 911 2772 hic
930 2711 1034 2773 omnis

229 2822 478 2887 considerandus
493 2821 549 2897 est,
572 2825 659 2904 quod
671 2843 736 2885 non
747 2825 846 2887 solum
859 2825 905 2885 rei
918 2840 1034 2902 magna

228 2939 360 3001 utilitas
382 2934 443 3012 est,
467 2935 519 2998 sed
537 2937 743 3018 praecipiendi
764 2955 893 3018 quoque
911 2934 1036 2999 summa

227 3049 416 3114 difficultas.

296 3158 416 3226 Omnis
429 3158 529 3243 igitur
543 3162 781 3245 argumentatio
798 3168 853 3225 aut
871 3179 927 3243 per
942 3158 1036 3222 indo·
1047 3183 1099 3269 31

230 3275 375 3340 itionem
395 3272 560 3338 trattanda
580 3274 641 3351 est,
665 3285 723 3339 aut
741 3293 798 3357 per
815 3273 1034 3338 ratiocinatio·
1048 3296 1080 3349 51

230 3409 319 3452 nem.
367 3385 516 3452 Induttio
537 3385 582 3450 est
604 3389 733 3464 oratio,
762 3406 836 3469 quae
859 3387 953 3449 rebus
972 3402 1038 3449 nou

231 3501 342 3565 dubiis
367 3511 473 3583 captat
494 3497 696 3564 affenfionem
719 3498 810 3581 ejus,
833 3499 967 3581 quicum
988 3496 1039 3558 in·

232 3613 346 3678 {tituta
358 3613 417 3678 est:
441 3614 559 3698 quibus
579 3611 912 3690 affenfionibusfaoit,
935 3609 1040 3677 utini

787 3728 818 3792 D
842 3745 862 3790 a
