2725 4350
470 492 825 567 'LIBERIL
1005 521 1069 592 193

428 593 436 630 s

260 675 341 744 rius
363 649 551 754 obriusnda,
578 674 767 738 idonearum
788 693 895 739 rerum
917 676 1068 743 facultas.

262 791 382 870 Atque
397 788 430 849 in
446 786 488 850 iis
506 786 655 849 omuibus
665 831 682 863 ,.
698 805 770 867 quae
789 800 864 850 ante
880 784 964 850 dista
981 787 1066 869 sunt,

235 911 246 969 4
262 901 347 985 quid
363 897 536 964 difficulter
549 895 620 960 fleri
634 897 668 962 dr
683 901 760 978 quid
774 901 867 962 facile
880 896 952 963 fieri
965 897 1066 982 poffit,

265 1021 398 1096 oportet
416 1007 622 1075 considerare.
664 1010 770 1075 Facile
784 1007 855 1074 fieri
871 1014 902 1074 id
916 1014 1066 1088 dicimus,

267 1128 361 1210 quod
377 1123 442 1187 fine
455 1143 589 1206 magno,
612 1135 669 1188 aut
684 1123 748 1186 fine
763 1126 828 1186 uilo
843 1126 962 1201 labore,
980 1124 1066 1204 sum-

267 1246 323 1314 tu,
348 1236 501 1314 molestia,
523 1256 621 1318 quam
633 1234 812 1302 brevissimo
827 1245 969 1320 tempure
988 1258 1067 1302 con·

272 1350 326 1415 fici
342 1349 452 1432 pdtest.
486 1348 623 1412 Difficile
639 1360 745 1415 autem
760 1349 844 1425 fieri,
866 1355 951 1432 qudd
966 1370 1067 1432 quau·
1123 1377 1126 1384 ·

277 1481 369 1544 quam
384 1461 517 1537 laboris,
541 1460 678 1537 sumtus,
701 1462 864 1557 molestiae,
887 1463 1069 1545 longinqui·

277 1577 349 1638 tatis
360 1573 492 1655 indiget,
509 1578 607 1656 atque
619 1584 677 1638 aut
693 1596 816 1652 omues,
834 1585 890 1638 aut
902 1576 1068 1657 plurimas,

282 1701 332 1750 aut
352 1689 506 1750 maximas
522 1686 631 1749 causas
647 1687 745 1751 habet
765 1685 985 1767 difficultatis,
1017 1697 1068 1752 ta.

285 1818 368 1877 men,
389 1802 440 1862 his
457 1776 605 1880 susceptis
623 1798 882 1880 difficultatibus,
904 1802 1069 1885 compled,

286 1921 376 1993 atque
389 1913 566 1976 adnisum
582 1909 715 1994 perduci
731 1913 841 1997 potest.

344 2024 502 2098 Quoniam
524 2019 601 2107 ergb
627 2028 667 2090 de
691 2024 853 2091 honestate
873 2025 1139 2094 &dactili-120

289 2141 345 2200 iate
359 2139 514 2216 diximus,
537 2158 624 2202 nuuc
646 2137 760 2214 restat,
784 2147 820 2201 ut
840 2142 880 2204 dc
900 2139 942 2203 iis
960 2141 1072 2217 rebus,

238 2308 241 2343 ἶ
291 2268 358 2329 quas
374 2251 423 2313 his
443 2251 611 2314 attributas
630 2250 693 2315 eise
711 2253 914 2328 dicebamus,
944 2248 1073 2315 necessr-

239 2358 242 2365 ’
290 2363 449 2427 tudine&
480 2361 667 2439 affestione,
700 2365 938 2444 perscribamus.
994 2364 1073 2426 Puto
1085 2367 1138 2457 57

238 2508 245 2529 ·.
289 2473 379 2554 igitur
395 2475 456 2538 effe
474 2478 554 2539 hanc
573 2474 847 2552 neeeffitudinem,
871 2477 924 2541 cui
939 2476 1026 2539 nulla
1043 2476 1075 2540 vi

237 2568 241 2593 ¹
290 2585 374 2650 resisti
389 2589 505 2670 potest3
541 2610 614 2670 quae
629 2610 732 2668 neque
751 2590 887 2664 mutari,
909 2609 1012 2671 neque
1028 2590 1075 2653 le·

236 2686 246 2709 ²
289 2699 342 2762 niti
355 2701 464 2780 potest.
489 2702 606 2782 Atque,
630 2714 665 2764 ut
675 2704 815 2783 apertius
826 2704 886 2764 hoc
901 2700 947 2779 fit,
967 2721 1076 2764 exem·

289 2815 341 2893 plis
358 2816 434 2877 licet
450 2815 515 2876 vim
539 2816 603 2887 rei,
627 2815 730 2893 qualis
753 2815 785 2877 &
805 2826 925 2895 quanta
944 2812 997 2889 fit,
1021 2834 1077 2879 co·

235 2942 240 2965 ·
288 2927 477 3006 gnoscamus.
522 2925 579 2989 Uri
601 2927 685 3007 posse
705 2926 833 2988 flamma
853 2930 990 3008 ligneam
1008 2941 1097 2989 ων

288 3042 392 3102 teriam
416 3037 536 3101 necesse
559 3039 613 3101 est.
660 3040 784 3117 Corpus
809 3041 944 3102 mortale
969 3039 1077 3118 aliquo

287 3157 425 3233 tempore
448 3152 579 3213 interire
606 3150 726 3214 ueceffe
746 3151 812 3226 est;
843 3162 937 3232 arque
958 3151 1003 3213 ita
1022 3170 1080 3215 ue.-

289 3264 383 3338 ceffe‚
410 3276 447 3327 ut
469 3266 517 3327 vis
544 3263 683 3345 postulat
702 3283 758 3340 ea,
787 3283 884 3346 quam
907 3265 1002 3335 modo
1024 3263 1080 3325 de·

288 3377 516 3450 scribebamus,
540 3362 793 3450 necessitudinis,
816 3377 868 3438 cui
882 3377 970 3438 nulla
984 3377 1015 3437 vi
1031 3393 1082 3438 re·

288 3486 343 3551 fisti
358 3482 476 3572 potest,
499 3509 571 3569 quae
589 3509 696 3570 neque
715 3491 847 3564 mutari,
871 3508 975 3568 neque
990 3486 1084 3549 leniri

289 3601 397 3684 potest.
454 3599 645 3680 Huiusmodi
665 3597 938 3676 neceffitudines,
957 3617 1030 3662 cum
1051 3598 1085 3662 in

335 3714 451 3781 cicero,
473 3713 515 3780 Τ.
526 3714 555 3779 Ι.
883 3711 921 3780 Ν’
