2725 4350
362 505 429 572 266
536 500 618 568 DE
659 494 1027 566 ORATOR&

362 677 488 754 officio,
512 681 596 761 quod
614 697 710 740 nemo
729 686 841 756 neget,
863 677 992 739 oratori
1013 678 1158 744 virtulum

361 790 742 870 omniumeognltionem.
764 785 830 851 fine
843 805 911 871 que
922 789 1077 855 leudatio
1088 791 1161 858 effici

219 883 221 888 Ι
294 915 346 976 34⁹
363 928 427 972 non
453 902 543 988 polilt
557 950 568 982 ‚
597 898 659 968 elie
679 899 899 966 necefferien,
940 904 1020 978 Jam
1047 906 1160 988 vitupe-

361 1022 453 1086 randi
471 1027 632 1103 praecepte
653 1015 822 1079 contrariis
842 1036 882 1078 ex
901 1014 994 1081 vitiis
1014 1017 1159 1084 sumendi

362 1133 449 1209 eise,
477 1131 680 1214 perspicuum
708 1127 762 1192 est.
802 1125 894 1191 fimul
914 1128 962 1192 est
986 1131 1161 1196 illudente

362 1248 495 1320 oeulos,
516 1264 577 1308 nec
589 1247 709 1309 bonum
725 1241 829 1304 virum
847 1241 1033 1324 proprie&
1045 1244 1162 1326 euplele

359 1360 493 1426 leuderi.
516 1355 581 1422 fine
591 1358 759 1432 virtutum,
781 1374 841 1419 nee
851 1346 1052 1438 'improbum
1065 1355 1163 1423 ueteri

360 1493 398 1538 ec
423 1471 616 1547 vitupererl,
639 1468 705 1533 fine
718 1468 871 1534 vitiorum
887 1470 1102 1553 cognitione,
1121 1471 1161 1535 in·

314 1569 318 1580 ¹
359 1590 402 1650 tie
424 1583 570 1664 inignite
589 1592 685 1665 atque
707 1581 815 1664 aspere
835 1579 932 1665 peffe.
979 1584 1100 1669 Atque
1118 1584 1161 1678 hie

358 1699 438 1762 locie
464 1696 496 1760 ἃ
515 1697 666 1759 leniendi
688 1673 949 1778 &uituperemii
967 1697 1060 1782 saepe
1078 1697 1160 1764 nebit

358 1811 403 1876 est
416 1815 572 1875 utendum
588 1809 622 1873 in
637 1811 727 1872 omni
741 1828 856 1889 genere
869 1807 1062 1878 ceniarum}
1085 1891 1089 1898 ¹

289 1947 342 2006 350
427 1924 569 2001 Habetis,
591 1925 632 1987 de
643 1924 842 1989 inveniendis
857 1924 970 2000 reim,
997 1925 1161 2009 disponen-

357 2038 464 2120 disque
474 2037 551 2115 quid
564 2036 710 2100 sentiam.
740 2036 910 2119 adjungem
922 2035 1031 2102 etiam
1046 2041 1088 2105 de
1099 2059 1161 2103 me·

356 2156 475 2228 moria,
498 2162 536 2214 nt
557 2153 665 2213 labore
691 2149 831 2215 Crassum
855 2148 981 2228 levem,
1007 2172 1116 2236 neque
1133 2151 1160 2218 el

356 2268 530 2349 quidquam
546 2266 643 2337 eliud,
666 2267 706 2327 de
722 2285 784 2346 quo
803 2262 942 2339 disseret,
967 2267 1158 2351 relinquen,

289 2375 474 2474 86nis1ea,
497 2379 611 2457 quibus
626 2379 696 2438 haee
711 2385 916 2440 exornentur.
952 2379 1062 2462 Perge
1077 2398 1158 2457 vero,

354 2494 462 2575 inquit
485 2489 620 2555 Creffus.
658 2491 794 2552 libenter
816 2490 900 2551 enirn
925 2498 961 2554 te
992 2496 1157 2576 cognitum

353 2606 418 2690 jam
441 2598 617 2675 artificem,
640 2604 876 2684 aliquandoque
898 2603 1078 2670 evolutum
1101 2605 1156 2668 illie

352 2717 583 2798 integumentis
598 2712 852 2778 diffimulatlonis
871 2725 961 2792 tuae,
985 2721 1157 2782 nuditum·

353 2850 419 2915 que
438 2829 605 2913 perspiciet
628 2826 661 2890 ἃ
676 2829 762 2909 quod
775 2827 853 2892 mihi
869 2829 970 2906 nihil,
996 2843 1058 2895 aut
1072 2830 1155 2915 quoi

352 2965 417 3009 non
438 2943 577 3006 multum
600 2941 777 3022 relinquis,
806 2947 1040 3018 percommode
1063 2946 1155 3020 fecie,

209 3106 211 3114 .
282 3074 332 3130 351
353 3058 462 3139 estque
476 3055 555 3117 mihi
568 3065 703 3133 gratum.
748 3051 907 3128 Jnmiliuc
921 3065 1091 3136 quantum
1103 3057 1157 3123 tibi

350 3192 410 3253 ego
427 3169 626 3249 reliquerim,
649 3167 753 3247 inquit
767 3166 944 3242 Antonius,
968 3170 1036 3233 erit
1051 3173 1086 3235 in
1104 3179 1157 3234 tue

348 3282 515 3368 potestate.
540 3279 574 3343 Si
588 3281 674 3342 enim
686 3299 759 3342 vere
769 3298 863 3360 agere
873 3279 1030 3360 volueris,
1049 3284 1157 3347 omnle

350 3397 411 3458 tibi
434 3394 602 3475 relinqu03
625 3390 670 3453 fin
693 3390 904 3468 dillimulere,
934 3401 975 3456 tu
996 3399 1158 3476 quemad.

349 3509 480 3571 modum
499 3507 549 3569 hie
563 3506 752 3581 satisfacias,
777 3505 905 3570 viderie.
951 3504 1039 3586 Sed,
1066 3520 1104 3575 ut
1118 3512 1157 3574 nd

347 3634 416 3682 rem
439 3621 587 3699 redeam,
615 3637 680 3682 non
703 3617 772 3685 sum
795 3626 886 3682 tento
911 3636 993 3702 ego,
1016 3622 1155 3710 inquit,
