2725 4350
346 500 370 568 6
515 486 981 562 Dru-oltATORE
1048 505 1064 520 ⁴

348 673 447 740 nostri
463 672 552 737 casus
564 672 760 736 fefellerunt.
782 660 869 735 Nar'n
881 670 938 752 qui
950 669 1044 734 locus
1059 669 1154 753 quie·

350 790 394 854 tis
416 788 450 853 &
467 787 708 868 tranquillitatis
721 781 914 868 plenissimus
926 784 997 848 fore
1020 784 1155 850 videba-

351 883 428 980 tur,
450 902 484 965 io
503 921 542 962 eo
559 899 707 966 maximae
727 898 830 962 mole's
849 896 1090 975 molestiarum,
1118 896 1156 965 δι

350 1008 628 1080 turbulentissimae
644 1011 850 1096 tempestates
865 991 1065 1076 exstiterunt}
1089 1011 1157 1075 Ne·

355 1150 421 1215 que
437 1148 513 1192 vero
528 1126 620 1189 nobis
635 1099 839 1209 cupientibbs
861 1133 960 1207 atque
973 1126 1157 1208 exoptanti·

354 1245 415 1309 bus
429 1222 554 1306 fructus
572 1239 631 1302 otii
643 1240 739 1304 datus
752 1236 797 1303 est
811 1238 851 1303 ad
866 1257 920 1301 eas
943 1245 1048 1315 artes,
1081 1240 1157 1321 qui-

298 1377 300 1382 ’
354 1358 416 1422 bus
432 1374 450 1417 a
464 1353 570 1435 pueris
583 1353 681 1416 dediti
695 1339 835 1427 suimus,
855 1349 1084 1429 celebrandas,
1105 1354 1158 1420 in·

242 1479 244 1486 '
331 1478 406 1548 ater
431 1461 554 1552 {rosque
579 1466 775 1542 recolendas.
827 1464 914 1531 Nam
936 1465 1040 1548 prima
1059 1474 1160 1546 aetate

351 1583 527 1649 incidimus
536 1570 575 1642 in‘
584 1562 689 1661 ipsam*
698 1579 968 1661 perturbationem
982 1578 1160 1662 disciplinae

357 1696 491 1761 veterist
523 1692 558 1760 δι
573 1693 740 1758 consulatu
758 1695 946 1759 devenimus
964 1694 997 1756 io
1013 1669 1159 1762 medium

236 1819 238 1823 ’
357 1830 466 1873 rerum
490 1808 631 1871 omnium
662 1817 824 1871 certamen
850 1815 946 1889 atque
970 1807 1160 1875 discrimen:

358 1923 392 1988 dt
407 1914 469 1988 hoc
483 1933 610 2004 tempus
626 1942 722 1986 omne
737 1920 804 2004 post
820 1921 1020 1984 consulatum
1038 1919 1159 2004 objeci-

229 2049 239 2060 “
268 2083 273 2094 ‚
357 2059 429 2102 mus
450 2038 490 2100 iis
511 2032 680 2110 fluttibus,
712 2036 787 2120 qui,
809 2053 866 2117 per
883 2053 944 2119 nop
961 2035 1159 2101 acommuni

356 2151 441 2237 peste
465 2148 601 2232 depulsi,
637 2150 670 2213 in
693 2149 900 2234 nosmetipsos
924 2150 1159 2219 redundarunt.

357 2265 419 2330 Sed
440 2264 599 2330 tamenin
624 2264 675 2326 his
704 2264 757 2327 vel
784 2263 1005 2359 asperitatibus
1028 2282 1159 2342 rerum,

238 2408 244 2443 ¹.
311 2424 321 2443 ,
358 2381 410 2447 vel
423 2377 575 2460 angustiis
592 2378 766 2459 temporis,
795 2377 948 2458 obsequar
967 2375 1079 2442 studiis
1099 2397 1161 2441 no-

357 2494 444 2567 stris,
477 2500 524 2565 et,
557 2492 715 2571 quantum
732 2491 811 2552 mihi
828 2490 881 2552 vel
903 2491 992 2552 fraus
1008 2472 1160 2557 inimico·

357 2626 447 2680 rum,
480 2605 531 2666 vel
554 2603 654 2667 causae
683 2604 880 2678 amicorum,
911 2602 961 2665 vel
984 2600 1161 2681 respublica

356 2719 478 2780 tribuet
491 2715 566 2790 otii,
598 2716 637 2776 ad
651 2714 848 2778 scribendum
864 2710 1058 2796 potissimum
1079 2734 1162 2780 con-

298 2903 300 2907 ·
330 2830 470 2902 ateram-
516 2826 592 2891 Tibi
617 2845 712 2898 vero,
742 2828 864 2901 frater,
894 2847 999 2911 neque
1013 2827 1160 2894 hortanti

358 2945 471 3018 deero,
491 2959 595 3022 neque
605 2940 743 3021 roganti.
789 2939 874 3005 Nam
891 2960 998 3024 neque
1016 2938 1161 3006 austori-

310 3139 315 3147 .
358 3065 425 3119 tate
441 3054 594 3138 quispiam
609 3056 693 3138 apud
709 3074 762 3118 me
778 3054 850 3136 plus
868 3054 976 3118 valere
989 3062 1024 3117 te
1036 3053 1160 3136 potest,

317 3182 461 3251 2neque
473 3169 649 3233 voluntate.
692 3168 742 3231 Ac
757 3167 837 3231 mihi
851 3169 1024 3251 repetenda
1043 3166 1087 3231 est
1103 3189 1161 3231 ve·

177 3256 315 3420 (cupreus
356 3284 433 3348 teris
457 3281 619 3363 cujusdam
640 3283 805 3346 memoriae
828 3301 893 3345 non
914 3282 987 3345 sane
1005 3280 1078 3344 satis
1103 3302 1161 3345 ex·

638 3358 817 3379 w

300 3466 303 3470 ,
354 3398 472 3480 plicata
489 3396 689 3471 recordatio,
712 3394 781 3471 sed,
806 3404 843 3459 ut
857 3396 1009 3471 arbitror,
1033 3401 1106 3475 apta
1118 3396 1159 3456 ad

353 3510 404 3583 id,
431 3510 520 3596 ¹quod
541 3508 697 3590 requiris,
725 3518 762 3572 ut
784 3507 970 3591 cognoscas,
1004 3527 1076 3589 quae
1098 3507 1159 3569 viri

274 3636 276 3641 ’
353 3622 494 3685 omnium
510 3618 775 3706 eloquentissimi,
808 3619 1031 3702 clarissimique
1058 3618 1159 3684 sens·
