2725 4350
464 486 777 556 nrnnnrr.
980 509 1049 576 95.

220 667 392 737 rernanfit:
416 666 472 743 ἃ,
495 673 534 730 ut
551 664 762 730 excellentem·
779 663 944 729 muliebris
958 669 1026 730 inr-
1070 702 1074 709 ·

206 757 285 849 ’πιτε
302 779 573 867 pulchritudinem
586 789 677 844 muta
697 778 731 840 in
749 777 810 842 sese
825 778 932 861 imago
947 800 1024 844 con·

219 901 358 973 tineret,
385 895 517 959 Helenae
533 892 709 976 inpingere
725 889 926 956 simulacrum
943 894 1025 957 velle

219 1012 326 1074 diritr
351 1009 439 1092 qnod
461 1007 675 1081 Crotoniatae,
706 1006 763 1088 qui
784 1027 857 1069 eum
877 1006 1027 1078 muliebri

218 1126 251 1188 in
268 1119 580 1206 corpore'pingendn
600 1118 778 1203 plurimum
793 1119 864 1182 aliis
880 1119 1027 1201 praestare¹

218 1239 306 1321 saepe
326 1231 532 1317 aceepiffent,
554 1232 691 1298 libenter
710 1231 889 1295 audierunt.
933 1243 1029 1315 puta·

220 1357 342 1418 verunt
365 1346 479 1424 enirn,
502 1343 546 1422 fi,
569 1345 688 1428 quoin
712 1366 829 1428 genere
852 1345 1027 1426 plurimum

218 1464 343 1549 posset,
373 1460 408 1523 in
432 1481 470 1524 eo
494 1478 686 1542 magnopere
707 1457 914 1536 elaboratiet,
937 1480 1028 1543 egre·

219 1581 314 1661 gium
330 1574 390 1638 fini
404 1593 487 1655 opus
501 1572 557 1636 illo
573 1573 606 1635 in
621 1573 696 1635 fano
710 1570 912 1636 relitturum.
959 1572 1025 1637 Ne·
1034 1600 1055 1656 ᾗ

221 1712 284 1776 que
305 1697 456 1753 tumens
473 1686 527 1750 itta
547 1685 655 1769 opinio
672 1686 799 1751 fefellit.
843 1685 927 1749 Nam
942 1685 1028 1750 Zeu·

221 1807 271 1869 xis
294 1803 385 1870 illico
406 1797 550 1883 qnaesrvit
573 1800 612 1863 ab
634 1798 696 1877 eis,
711 1797 872 1882 ¹quasnam
890 1801 1028 1881 virginer

221 1916 380 1983 formosas
396 1914 562 1977 haberent.
607 1913 660 1980 lili
676 1920 784 1976 antem
802 1912 907 1976 stetim
925 1914 1029 1977 horni-

224 2052 299 2108 nem
315 2029 519 2093 deduxerunt
531 2026 564 2089 in
577 2025 771 2110 palaestram,
793 2033 891 2109 atque
906 2027 937 2090 ei
950 2047 1030 2110 pue·

226 2164 279 2210 ros
295 2142 507 2210 ostenderunt
521 2141 642 2205 multos
651 2187 661 2219 ,
684 2158 799 2223 magna
815 2139 967 2222 praeditos
981 2140 1030 2205 di.-

226 2261 365 2343 gnitate.
432 2255 562 2317 Etenim
588 2256 725 2336 quodam
749 2262 894 2334 ternpore
918 2252 1032 2316 Croto·

225 2377 326 2439 niatae
347 2370 484 2433 multum
506 2367 652 2428 omnibus
667 2384 835 2447 corporum
857 2365 1031 2431 viribus&

224 2483 437 2571 dignitatibus
459 2479 707 2556 antesteterunt,
737 2489 834 2560 atque
858 2479 1031 2545 honestiffi.

223 2621 295 2666 rnas
314 2618 355 2662 ex
372 2595 526 2679 gymnico
541 2594 715 2657 certamine
730 2593 881 2657 vitiorias
898 2597 1028 2661 domurn

225 2735 304 2779 eum
319 2710 462 2773 maxima
476 2708 570 2770 laude
583 2708 771 2771 retulerunt.
818 2708 898 2772 Cnrn
914 2728 1031 2791 puero·

226 2849 301 2892 rum
316 2825 416 2905 igitur
426 2824 544 2885 formas
557 2820 732 2903 &corpora
742 2840 857 2902 magno
866 2822 918 2883 hic
933 2842 1031 2904 opere

225 2943 427 3005 miraretur:
459 2935 610 3011 Horum,
642 2935 792 3016 inquiunt
814 2934 861 2996 illi
874 2980 883 3010 ,
906 2935 1030 2998 sorores

223 3056 303 3118 sunt
320 3049 405 3132 apud
420 3067 479 3110 nos
496 3048 644 3129 virgines.
667 3069 778 3130 quare,
802 3067 874 3130 quae
890 3045 949 3108 fint
963 3049 1028 3111 illae

224 3164 407 3248 dignitate,
439 3169 529 3242 potes
550 3183 589 3224 ex
612 3162 662 3224 his
684 3161 840 3244 suspicari.
886 3161 1030 3226 Praebete

225 3282 329 3362 igitur
343 3276 441 3347 mihi,
465 3276 590 3355 quaeso,
613 3276 736 3356 inquit,
760 3298 799 3339 ex
816 3276 882 3339 istis
898 3277 1030 3355 virgini·

226 3395 289 3460 bns
306 3386 550 3464 formofiiiimnn,
574 3391 648 3451 durn
665 3391 760 3471 pingo
772 3391 816 3467 id,
839 3392 922 3471 quod
937 3389 1032 3472 polli-

229 3508 317 3568 citus
335 3503 402 3566 sum
427 3503 535 3576 vobis,
565 3511 603 3563 ut
625 3512 749 3565 mutum
771 3505 802 3566 in
828 3502 1033 3565 finmiacrum

229 3638 271 3682 ex
309 3615 440 3681 animati
475 3618 622 3700 exemplo
659 3619 777 3684 veritas
812 3620 1034 3683 transferetur.
