2725 4350
415 510 723 603 “LI'UBER
765 503 864 578 1.'‘
987 527 1050 596 103

252 687 434 761 hominem,
457 681 620 767 Suspenso,
640 684 758 768 inquit,
779 682 886 747 animo
903 680 936 748 &
951 704 1050 749 occu-

254 814 331 888 pato
348 797 492 867 Crassum
507 799 567 864 tibi
586 794 773 880 respondisse
793 798 906 861 video:
937 798 1049 861 deinde
1063 780 1117 875 aro

253 916 356 1000 ipsum
371 910 510 978 Craffum
527 923 624 974 manu
638 894 817 993 prehendit,
839 909 884 986 &,
906 908 986 975 heus
1002 908 1054 987 tu,·

255 1029 379 1111 inquit,
402 1026 479 1109 quid
489 1026 549 1089 tibi
564 1026 748 1089 intuentem
763 1024 851 1087 venit
863 1025 908 1086 ita
924 1024 1052 1107 respon-

257 1128 360 1206 dere?
381 1138 468 1204 Tum
482 1139 538 1202 ilie
553 1137 704 1213 fidenter,
726 1131 1064 1219 homoperttiffimust

258 1254 466 1327 confirmare,
489 1253 535 1315 ita
547 1252 577 1316 se
591 1272 658 1314 rem
672 1251 807 1327 habere,
830 1258 866 1313 ut
880 1250 1044 1335 respondis

257 1368 324 1445 set3
346 1387 406 1431 nec
427 1365 562 1453 dubium
582 1364 643 1429 effe
666 1361 763 1446 posse.
794 1402 797 1408 -
830 1363 931 1428 Galba
943 1372 1051 1427 autent

257 1482 404 1545 alludens
429 1478 517 1544 varie
542 1476 577 1541 δι
603 1478 746 1561 copiose,
782 1477 897 1542 multas
919 1474 1052 1544 fimiltu-

259 1594 350 1658 dines
370 1590 500 1669 afferre,
522 1591 687 1674 multaque
704 1609 761 1674 pro
775 1591 928 1673 aequitate
942 1598 1053 1654 contra

257 1706 310 1791 jus
325 1707 449 1770 dicere:
472 1713 568 1785 atque
581 1706 691 1779 illum,
714 1724 788 1767 cum
805 1700 978 1769 disserendo
990 1719 1053 1787 par

260 1818 323 1884 effe
344 1838 409 1881 non
430 1815 531 1899 posset
552 1814 848 1898 (quamquam’suit
868 1814 993 1881 Crassus
1019 1816 1054 1881 in

259 1952 393 1995 numero
420 1929 624 2003 disertorum,
663 1927 716 1990 sed
742 1948 809 2012 par¹
827 1926 938 1991 Galbae
963 1922 1054 1994 nullo
1102 1904 1116 1942 ’ἶ
1175 1975 1177 1980 -

260 2044 394 2122 modo‚)
415 2044 455 2104 ad
473 2039 619 2110 austores
633 2039 824 2121 confugisse,
838 2013 882 2105 ⁸&
893 2041 944 2116 id,
968 2043 1056 2122 quod

259 2156 324 2238 ipse
340 2155 472 2226 diceret,
490 2152 526 2217 t&
539 2154 573 2217 in
586 2152 739 2229 P-Mucii,
763 2145 935 2228 statuenti,
955 2153 1056 2231 libris,

261 2268 296 2332 ἃ
313 2270 345 2329 in
367 2265 456 2330 Sexti
479 2268 556 2329 AElti
575 2268 810 2329 commentariis
823 2267 971 2347 scripturn
984 2286 1058 2347 pro·

263 2379 387 2456 tulisse,
418 2399 455 2441 ac
477 2391 585 2443 tamen
606 2377 797 2453 concessisse,
821 2379 931 2443 Galbae
953 2378 1058 2462 dispu·
1155 2357 1158 2363 ⁴

260 2496 418 2556 tationem
434 2485 490 2556 fibi
506 2493 703 2576 probabilem
718 2491 865 2575 &prope
884 2512 990 2556 veram
1009 2493 1058 2555 vi·

261 2608 340 2669 deri.
385 2606 555 2682 Attamen,
584 2625 655 2688 quae
675 2607 776 2668 oausae
799 2592 868 2668 sunt
888 2605 1056 2687 ejusmodi,
1069 2598 1120 2690 57

262 2730 299 2781 ut
320 2721 359 2782 de
386 2739 495 2782 earum
517 2719 589 2800 jure
612 2719 745 2782 dubium
772 2717 834 2781 esse
859 2739 923 2782 non
944 2717 1055 2802 possit,
1073 2700 1123 2760 ²4¹

262 2833 392 2894 omnino
411 2833 442 2893 in
457 2833 613 2913 judicium
629 2832 737 2895 vocari
751 2852 816 2894 non
831 2831 940 2894 soient.
970 2831 1057 2895 Num

263 2946 337 3025 quis
351 2966 389 3007 eo
405 2944 610 3019 testamento,
633 2945 718 3026 quod
740 2945 966 3025 paterfamilias
982 2954 1059 3008 ante

260 3059 355 3132 fecit,
385 3076 482 3138 quam
507 3058 538 3120 ei
561 3057 647 3120 filius
662 3063 758 3120 natus
780 3056 871 3129 esset,
892 3050 1059 3119 ‘hereditass
1140 3125 1141 3131 ἵ

255 3148 329 3231 1ῒειῐι
345 3168 455 3251 petit?
477 3191 589 3232 nemo:
613 3171 687 3251 quia
704 3168 840 3248 constat,
863 3169 1058 3260 agnascendo

263 3282 370 3363 rumpi
385 3281 618 3345 testamentum.
651 3283 737 3364 Ergo
756 3284 790 3345 in
805 3281 865 3344 hoc
881 3300 996 3363 genere
1006 3279 1060 3361 ju-

263 3396 308 3457 ris
323 3395 442 3474 judicia
459 3397 547 3459 nulla
561 3393 643 3458 sunt.
669 3410 672 3418 ’
690 3394 780 3459 Licet
803 3395 904 3476 igitur
928 3395 1061 3476 impune

265 3510 383 3570 oratori
397 3529 524 3572 omnem
541 3509 623 3570 hanc
645 3516 768 3590 partem
783 3507 861 3590 juris
878 3500 1060 3589 [incontross

264 3619 362 3705 versi]
381 3622 544 3706 ignorare,
573 3641 645 3706 quae
670 3640 745 3707 pars
760 3619 825 3686 stne
843 3621 938 3687 dubio
958 3621 1061 3686 multo
1076 3602 1135 3710 442

594 3808 596 3812 ,
815 3732 845 3800 G
867 3754 889 3818 4

712 3827 713 3832 ’
865 3828 878 3867 Ι
