2725 4350
345 536 410 602 192
457 602 459 605 ¹
510 513 582 582 nn
610 500 985 587 1uvnuu10u'u
1039 474 1042 478 ’

185 751 188 757 .
273 669 330 775 'lon
347 694 490 759 tendam.
513 689 745 757 Amicitiarnm
760 699 869 758 autem
882 679 977 772 ratio,
1000 696 1161 779 quonism
1195 699 1198 774 ξ

336 810 466 896 partlm
480 806 554 871 suut
567 805 777 889 religionibus
790 806 930 889 iuudbae,
958 810 1077 892 partlm
1093 831 1161 896 non
1192 839 1198 868 ε

334 922 442 999 ¹sunt,
471 919 507 987 oz
530 920 605 1003 quia
624 919 742 1002 partim
767 930 893 996 veteres
912 920 1010 999 sunt,
1039 915 1192 1007 partimss

335 1056 466 1110 novar,
487 1033 604 1118 partim
625 1036 665 1098 ab
681 1034 830 1110 iliorum,
853 1036 970 1118 partim
991 1036 1166 1114 abnostro
1195 1019 1198 1024 ¹

284 1185 286 1190 ·
339 1146 507 1219 beneficio
523 1145 697 1231 prolestae,
719 1148 837 1231 partim
854 1151 1016 1226 utiliores,
1038 1152 1160 1233 partlm

346 1262 457 1328 minus
475 1260 594 1340 utiles;
617 1284 657 1327 ex
678 1263 842 1325 caularum
864 1264 1101 1345 dignitatibus„
1119 1285 1160 1330 ex

344 1383 534 1459 tempotum
553 1376 874 1458 opportunitatibus,
896 1398 937 1441 ex
955 1374 1093 1455 officiis,
1117 1398 1160 1443 ex

280 1481 337 1596 56
349 1488 569 1572 religionibus,
592 1512 632 1552 ex
649 1490 860 1553 vetustatibus
875 1491 1054 1555 habebitur.
1084 1490 1159 1557 Uti·

345 1603 423 1671 litas
438 1609 549 1667 antem
567 1602 671 1665 autin
688 1622 824 1684 corpore
840 1600 938 1684 polita
959 1603 1023 1681 en,
1048 1604 1159 1670 autin

320 1716 511 1784 extraneis
524 1716 639 1779 rebus
663 1734 803 1797 quarum
819 1728 928 1781 tamen
943 1736 1052 1781 return
1070 1720 1198 1784 mul-1

346 1837 383 1893 to
402 1829 542 1891 maxima
559 1848 633 1909 pars
655 1832 696 1891 ad
718 1831 862 1911 corporis
877 1819 1087 1896 commodum
1105 1852 1159 1898 re·

330 1941 504 2017 vertitur,
526 1953 565 2005 ut
581 1942 616 2003 in
632 1943 796 2024 republica
811 1949 956 2024 quaedam
977 1946 1059 2018 lunt,
1084 1967 1158 2029 quae

345 2053 406 2141 (ut
419 2052 463 2118 fic
477 2055 601 2139 dicam)
623 2058 663 2119 ad
684 2074 801 2139 corpus
824 2058 984 2138 pertinent
1004 2060 1158 2139 civitatis,

345 2157 386 2237 ut
410 2168 505 2253 agri,
527 2178 667 2254 portus,
691 2170 850 2255 pecunia,
874 2170 1003 2250 classes,
1026 2185 1157 2254 nautae,

347 2267 488 2361 milites,
517 2284 611 2362 socii;
643 2287 761 2368 quibus
783 2286 879 2350 rebus
900 2288 1159 2354 incolumitatem

346 2418 388 2465 ac
408 2401 589 2466 libertatern
611 2400 752 2463 retinent
774 2401 945 2465 civitates:
977 2404 1038 2465 alia
1067 2420 1157 2480 vero,

347 2533 423 2597 quae
438 2513 504 2595 jam
519 2514 667 2595 quiddam
691 2513 792 2596 magis
811 2517 973 2595 amplum,
998 2512 1030 2574 &
1048 2513 1159 2576 minus

304 2630 308 2634 ’
341 2614 559 2691 neocliarium
574 2626 768 2704 conficiunt,
791 2633 827 2688 ut
846 2625 935 2688 urbis
952 2623 1081 2703 egregia
1098 2644 1160 2686 ex-

225 2781 228 2785 -
350 2740 478 2802 ornatio
499 2749 597 2820 atque
612 2741 807 2821 amplitudo,
832 2749 867 2800 ut
884 2737 1034 2820 quaedam
1050 2737 1160 2800 excel·

349 2853 421 2920 leus
436 2852 582 2935 pecunlae
597 2855 802 2933 magnitudo,
826 2850 1044 2915 amicitiarum
1060 2850 1160 2914 acio·

284 2978 336 3040 169
352 2968 510 3030 cietatum
527 2966 713 3029 multitudo.
747 2968 874 3041 Quibus
888 2965 984 3044 rebus
999 2984 1064 3029 non
1079 2965 1160 3029 illud

351 3080 454 3146 lulum
468 3077 653 3155 conficitur,
677 3088 717 3140 ut
732 3079 824 3142 lalvae
842 3078 874 3142 dt
889 3078 1080 3154 incolumes,
1104 3099 1162 3141 ve-

352 3214 427 3259 rum
443 3191 561 3267 etiam,
585 3200 620 3254 ut
636 3192 751 3286 amplae
769 3201 865 3270 atque
880 3200 1027 3271 potentes
1039 3188 1144 3254 stnt
1115 3211 1163 3252 ct·

269 3344 271 3348 ·
327 3350 332 3361 .
353 3309 486 3375 vitotes.
532 3305 645 3379 Quare
664 3305 817 3366 utilitatis
832 3306 906 3366 duae
927 3314 1033 3386 partes
1051 3304 1163 3367 viden·

302 3393 313 3422 ’ἱ
335 3405 411 3505 ’ωε
426 3419 508 3496 effe,
539 3419 747 3482 incolumitas
773 3416 805 3481 u
829 3420 987 3499 potentia.
1032 3417 1164 3480 Incolu-

357 3534 454 3598 mitas
470 3532 515 3596 est
531 3531 639 3594 salutis
657 3541 728 3592 tuto
743 3540 840 3611 atque
855 3531 979 3601 integra
998 3527 1165 3594 conserva·
1187 3616 1189 3620 ,

297 3643 301 3656 '
357 3647 425 3712 tio:
447 3645 595 3732 potentia
610 3644 655 3709 est
670 3647 711 3710 sd
723 3643 777 3709 sua
789 3638 1014 3720 conservanda,
1038 3641 1071 3706 dc
1085 3643 1165 3707 alte·

1052 3774 1123 3822 rius
