2725 4350
389 469 402 524 '⁶
475 491 851 562 cincun·
991 513 1024 598 ἢ
1106 553 1119 580 ,

214 675 336 745 derint.
382 670 468 747 Quis
481 673 624 752 ignorat,
652 670 698 748 ii,
730 667 786 752 qui
799 668 1018 740 mathematici
1028 683 1063 731 ro
1085 704 1093 732 s

217 796 397 863 vocantur,
426 795 550 867 quanta
574 786 609 847 in
626 783 819 846 obscuritate
836 803 944 847 rerum
951 830 961 861 ‚
984 784 1020 849 dt

218 923 322 992 quam
336 902 500 976 recondita
518 903 552 961 in
568 909 639 961 arte
663 895 698 961 δὲ
713 897 883 979 multiplici
897 898 1022 961 fubri-ti-

220 1038 304 1102 que,
336 1011 523 1080 versentur?
562 1031 630 1095 quo
652 1020 763 1073 tamen
784 1011 819 1073 in
841 1031 957 1093 genere
975 1011 1023 1075 ita

221 1130 323 1197 multi
347 1124 481 1212 perfecti
502 1126 648 1188 homines
673 1124 876 1202 exstiterunt,
905 1135 943 1189 ut
966 1143 1024 1190 ne·

222 1251 281 1311 tiro
308 1245 378 1307 fere
399 1238 547 1304 studuffe
577 1239 608 1303 ei
632 1238 772 1301 scient-iae
801 1240 1025 1305 vehementius

223 1359 397 1430 videatur,
437 1354 534 1436 quin,
567 1352 655 1436 quod
681 1352 840 1431 voluerit,
874 1354 1026 1419 consecu-

223 1480 282 1538 tus
303 1469 353 1535 fic.
398 1466 481 1542 Quis
498 1464 640 1542 muficis,
663 1468 734 1549 quic
754 1467 831 1532 huic
848 1466 951 1552 studio
973 1467 1029 1532 lit.

224 1593 394 1660 terarum,
433 1582 520 1663 quod
547 1559 739 1664 profitentur
766 1581 811 1656 ii,
846 1582 902 1664 qui
922 1574 1028 1665 g'ram:

225 1674 342 1769 mctici
362 1703 539 1771 vocantur,
568 1694 696 1776 penitus
717 1694 748 1756 se
772 1694 912 1772 dedidit,
950 1693 1030 1777 quin
1071 1748 1072 1751 ,

225 1811 496 1882 -omncmillarum
512 1808 631 1871 artium
647 1826 739 1889 paene
754 1806 915 1871 infinitam
922 1806 1031 1874 vim&
1069 1791 1075 1797 '¹

227 1901 402 1998 nuteriam
415 1922 555 1986 scientiae
572 1920 767 2001 cogitatione
782 1921 1032 2003 comprehende*

228 2040 302 2108 rit?
325 2036 414 2103 Vere
423 2036 504 2099 mihi
518 2035 580 2097 hoc
594 2034 705 2097 videor
720 2033 782 2099 esse
798 2032 962 2112 didimus„
990 2056 1031 2100 en
1042 2046 1075 2093 ιι

232 2153 383 2222 omnibus
395 2150 455 2226 iis,
477 2148 533 2231 qui
548 2147 582 2211 in
597 2147 714 2212 harum
734 2148 852 2212 artium
868 2147 980 2214 studiis
992 2151 1034 2215 ii-

231 2264 440 2338 beraliffimis,
454 2261 514 2325 fint
535 2259 752 2343 doctrinisque
771 2262 903 2338 versati,
938 2264 1036 2328 mini·
1097 2342 1101 2347 .

229 2404 323 2450 marn
339 2381 463 2462 copiam
477 2380 642 2461 poctarum
655 2377 860 2458 egregiorum
876 2376 1034 2444 exstitisse.

233 2498 347 2579 Atque
365 2495 399 2556 in
420 2493 483 2554 hoc
506 2491 570 2572 ip'so
585 2510 741 2568 numero,
764 2492 797 2554 in
821 2508 885 2575 quo
905 2509 1035 2575 perraro

231 2611 381 2676 exoritur
406 2605 521 2686 aliquis
545 2604 722 2680 excellens,
752 2603 972 2690 fidiligenter,
1002 2594 1037 2671 &

235 2746 279 2788 ex
297 2721 491 2792 nostrorum,
522 2717 556 2780 δι
577 2740 617 2781 ex
636 2715 827 2784 Graecorum
843 2722 934 2804 copia
950 2740 1038 2786 corn·

237 2856 352 2924 parare
372 2834 479 2907 voles,
501 2833 608 2894 multo
622 2840 729 2896 tamen
746 2837 915 2915 pauciores
932 2842 1039 2898 orato·
1131 2854 1134 2859 ·

237 2969 312 3024 rec,
343 2965 441 3030 quam
462 2949 565 3028 podtae
587 2946 663 3008 boni
685 2947 893 3028 reperientur.
941 2948 1082 3022 Quodn

239 3065 302 3128 hoc
315 3062 415 3124 etiam
433 3059 612 3123 mirabilius
638 3058 733 3122 debet
750 3061 867 3137 videri,
892 3060 965 3142 quia
986 3081 1040 3138 ce-

240 3185 385 3241 terarum
410 3174 527 3236 artium
549 3172 654 3235 studia
667 3173 736 3235 fere
757 3174 929 3238 reconditis
945 3181 1041 3257 atque

242 3288 360 3354 abditis
375 3310 393 3350 e
406 3286 547 3350 fontibus
560 3286 771 3351 hauriunturr
796 3287 921 3356 dicendi
934 3296 1042 3351 autern

244 3403 349 3466 omnis
363 3401 446 3463 ratio
461 3401 494 3462 in
512 3401 617 3464 medio
632 3395 748 3482 posita,
782 3403 946 3465 communi
964 3422 1044 3484 quo-

245 3519 321 3581 dam
336 3515 369 3577 in
384 3515 461 3587 usu,
485 3521 583 3596 atque
598 3513 631 3575 in
647 3513 814 3577 hominum
827 3535 916 3579 more
933 3515 968 3580 δι
983 3515 1049 3580 ser-

247 3651 345 3700 mone
360 3628 522 3697 versutur:
546 3636 583 3693 ut
604 3628 639 3695 in-
652 3628 767 3694 ceteris
788 3629 820 3692 id
836 3630 975 3695 maxime
991 3652 1047 3694 ex·

800 3741 876 3828 As
