2725 4350
434 533 437 540 -
497 497 713 568 LIBER
756 463 787 569 i.
988 515 1044 592 ’γι

233 693 368 759 quoque
388 674 423 739 in
443 649 739 756 partem‘orattonra
758 678 926 743 transferri
944 669 1040 762 opor-

229 790 325 855 tebit.
371 787 620 867 Verumtamen,
643 783 680 855 ut
697 796 846 876 quaedam
865 796 1039 875 praeceptio
1090 800 1097 834 ³

228 906 327 969 detur
345 901 443 983 hujus
458 922 587 987 quoque
605 906 721 989 partio,
745 925 945 986 exponemus
968 927 1039 971 mo·

229 1020 293 1081 dos
318 1015 594 1100 reprehenfionis3
625 1022 783 1103 quos·qui
805 1020 1036 1098 observabunt,

223 1131 359 1196 facilius
374 1150 424 1207 ea,
448 1150 523 1214 quae
538 1141 650 1198 contra
665 1133 826 1210 dicentur,
837 1135 970 1199 ‘diluere
980 1141 1038 1199 aut

221 1243 396 1310 infirmare
412 1254 577 1326 poterunt.

295 1358 414 1421 Omnia
426 1361 664 1441 argumentatio
676 1360 929 1440 reprehenditur,
943 1358 967 1424 fi
979 1367 1035 1425 aut
1045 1362 1080 1419 79

210 1494 265 1539 ¹eu
278 1471 343 1548 iis,
365 1491 439 1554 quae
456 1473 562 1536 sumta
578 1475 670 1550 sunt,
694 1495 759 1538 non
773 1474 960 1537 conceditur
974 1475 1035 1537 ali-

220 1586 321 1670 quod
337 1605 438 1649 unum
449 1588 605 1675 pluravea
621 1599 690 1664 aut,
704 1589 754 1651 hie
767 1585 928 1664 conceffis,
944 1608 1034 1650 com·

220 1699 338 1784 plexio
360 1700 475 1763 confici
492 1723 532 1765 ex
553 1702 605 1766 hie
623 1711 784 1783 negatur:
808 1712 866 1765 aut
885 1699 909 1764 li
930 1721 1033 1784 genua

213 1814 334 1897 ,ipsum
355 1809 641 1896 argumentationis*
666 1815 817 1879 vitiosum
841 1814 1035 1881 ostenditur:

220 1936 282 1990 aut
313 1925 470 1991 ficontra
488 1928 613 1992 firmam
637 1930 949 2011 argumentationem
972 1930 1035 1995 alla

222 2061 322 2123 aeque
344 2038 462 2119 firma,
490 2051 547 2106 aut
566 2042 692 2106 firmior
709 2044 850 2127 ponitur.
902 2042 952 2106 Ex
972 2044 1032 2121 ils,

219 2174 301 2238 quoe
318 2154 496 2232 sumuntur,
519 2158 640 2239 aliquid
655 2179 720 2222 non
733 2159 933 2232 conceditur,
956 2175 1032 2219 cum

220 2281 281 2331 aut
307 2270 357 2343 id,
383 2271 470 2350 quod
494 2273 644 2334 credibile
667 2272 797 2346 dicunt,
820 2279 956 2351 negatur
971 2268 1034 2333 elle

220 2384 402 2465 ejusmodi:
428 2392 484 2444 aut
498 2388 581 2465 quod
593 2384 808 2465 comparabile
825 2390 947 2463 putant,
972 2380 1033 2444 dll-

218 2494 327 2559 simile
353 2496 558 2561 ostenditur:
594 2506 651 2561 aut
673 2497 849 2578 judicatum
877 2498 971 2557 aliam
995 2497 1028 2561 ln

217 2619 348 2692 partem
364 2612 555 2687 traducitur,
579 2619 634 2674 aut
652 2612 782 2674 omnino
799 2610 951 2689 judicium
968 2611 1030 2672 ior-

219 2726 402 2806 probatur:
426 2734 501 2800 aut,
526 2729 611 2806 quod
634 2724 755 2805 lignum
777 2723 838 2788 elle
859 2724 1028 2788 adversarii

223 2840 404 2913 dixerunt,
433 2839 464 2901 id
485 2839 637 2920 ejusmodi
658 2848 794 2922 negetur
815 2837 896 2913 elle,
929 2847 984 2900 aut
1005 2834 1029 2898 fi

222 2950 416 3031 complexio,
441 2962 496 3014 aut
514 2975 552 3015 ex
568 2974 643 3030 una,
667 2963 722 3016 aut
735 2977 773 3016 ex
791 2961 928 3031 utraque
940 2958 1030 3031 parte

222 3064 489 3143 reprehenditur,
513 3080 570 3129 aut
582 3067 603 3129 sr
617 3068 816 3132 enumeratio
832 3067 907 3128 falla
925 3064 1030 3126 osten·

170 3150 174 3231 l
223 3178 339 3249 ditur,
369 3187 425 3239 aut
445 3178 466 3239 fi
486 3177 616 3262 firnplex
636 3179 795 3245 conclusio
817 3177 884 3243 falsu
906 3177 1029 3259 aliquid

223 3290 392 3354 continere
410 3293 654 3358 demonstratur.
701 3295 783 3358 Num
807 3314 918 3365 omne,
942 3293 1028 3373 quod

222 3403 359 3465 sumitur
376 3408 414 3467 ad
429 3412 736 3488 argumentandum,
760 3406 822 3473 save
839 3427 896 3489 pro
914 3407 1029 3486 proba·

224 3516 298 3591 bili,
321 3517 385 3582 five
400 3540 455 3601 pro
473 3521 660 3597 neceffario,
684 3522 806 3586 nerelle
823 3521 865 3585 est
884 3521 1026 3584 sumatur
1128 3527 1131 3532 ’

225 3650 264 3691 ea
279 3631 330 3694 hia
345 3633 440 3711 locis,
463 3644 500 3700 ut
519 3646 593 3703 ante
605 3639 811 3704 ostendimus.
859 3641 955 3716 Quod
970 3662 1025 3727 pro
1037 3607 1092 3751 i?

777 3755 853 3842 Ea
