2725 4350
337 521 419 588 ·1.⁷÷
520 501 601 569 uu
644 465 987 576 onnuonn

291 690 338 750 ¹33
356 683 530 761 quaeratur.
575 676 664 752 Quin
685 677 784 741 etiam
804 676 898 741 iniis
919 675 1018 761 Ipsis,
1041 681 1096 747 ubi
1114 683 1148 750 dc

352 790 438 858 fatto
461 793 648 874 ambigitur,
674 791 835 874 ceperitne
858 801 970 856 contra
988 795 1081 878 leges
1102 817 1148 880 pe·

352 907 464 970 cuniae
478 906 513 970 P.
531 907 660 983 Decius,
685 914 875 988 argumenta
886 905 920 971 ἃ
933 906 1147 974 criminum&

352 1018 543 1085 defenfionia
564 1029 754 1083 revocentur
773 1027 900 1102 oportet
914 1023 955 1092 ald
973 1040 1100 1102 genus,
1119 1021 1146 1088 ir

349 1135 391 1202 ad
410 1146 555 1200 naturam
569 1132 765 1198 universam:
789 1134 875 1214 quod
889 1133 1096 1212 sumtuosue,
1115 1138 1148 1200 de

186 1303 194 1308 .
326 1303 329 1310 .
348 1249 497 1314 luxurii:
521 1250 608 1331 quod
626 1247 722 1311 alieni
740 1253 911 1328 appetens,
936 1249 978 1312 de
996 1250 1145 1314 avaritie:

296 1417 304 1450 ,
333 1415 335 1422 .
350 1365 439 1448 quod
452 1360 631 1436 seditiosus,
654 1362 694 1423 de
710 1351 900 1424 turbulentis
915 1358 950 1424 ὅτ
964 1363 1063 1446 malis
1076 1363 1145 1426 ciri·

330 1478 428 1558 „buu
452 1476 538 1560 quod
554 1492 573 1536 a
588 1473 700 1536 multis
722 1475 884 1554 arguitur,
906 1476 948 1538 de
965 1494 1088 1556 genere
1101 1483 1143 1542 te·

343 1589 469 1655 nium:
498 1594 696 1669 contraque,
729 1605 801 1670 quae
824 1606 881 1669 pro
904 1605 961 1649 reo
984 1589 1143 1666 dicentur,

264 1674 269 1700 ’
331 1704 455 1768 -omnsr
471 1698 672 1766 necessarior
688 1708 833 1780 tempore
846 1708 943 1781 atque
958 1701 1094 1768 homine
1106 1705 1140 1766 ad

344 1835 532 1908 communen
548 1834 658 1878 rernm
671 1811 706 1877 ἃ
719 1833 872 1894 generum
888 1813 1030 1878 summae
1043 1817 1140 1882 revol-

278 1929 328 1997 136.
345 1939 474 1996 ventur.
524 1929 633 2009 Atque
657 1928 728 1992 haec
745 1923 880 1990 forsitan
898 1926 1050 2006 homini,
1080 1949 1138 1994 non

327 2045 470 2123 omnir,
493 2062 565 2126 quae
581 2043 652 2105 sunt
667 2041 833 2114 intratura
846 2057 973 2116 rerum,
996 2045 1137 2107 celeriter
1187 2083 1195 2567 Ι

342 2160 450 2225 animo
464 2154 766 2240 comprehendenti,
787 2154 947 2237 permulta
963 2154 1137 2235 videantur,

321 2294 413 2358 -quae
432 2273 563 2339 veniant
578 2273 609 2333 in
626 2269 782 2352 judicium
798 2275 884 2345 tum,
908 2287 985 2331 cum
1002 2271 1045 2334 de
1060 2269 1137 2336 insto

338 2395 521 2471 quaeratur:
542 2384 595 2449 sed
612 2396 722 2446 tamen
741 2364 911 2445 criminum
928 2380 974 2445 est
991 2386 1135 2449 multitu·

338 2502 397 2577 do,
421 2520 486 2564 non
505 2496 723 2563 defensionum
739 2504 795 2558 aut
814 2496 976 2572 locorum,
999 2496 1133 2562 infinita.
1178 2570 1181 2577 ,

231 2691 233 2694 ¹
254 2674 260 2694 ,,
271 2609 322 2692 32
339 2615 422 2689 Quae
437 2631 524 2688 vero,
547 2631 620 2673 cum
631 2611 671 2673 de
680 2607 765 2675 sarto
778 2630 843 2673 non
853 2612 1038 2693 ambigitur,
1051 2634 1134 2697 quae·

269 2701 320 2758 ¹³7
336 2733 465 2801 cuntur,
489 2724 597 2805 quasia
615 2721 695 2800 fint3
724 2742 763 2786 ea
783 2721 805 2785 fi
825 2745 864 2787 ex
883 2726 945 2787 reis
966 2746 1132 2801 numeres,

336 2836 370 2903 δι
388 2836 633 2902 innumerabilia
649 2835 740 2911 sunt,
763 2833 797 2899 δι
815 2836 964 2901 obscurat
993 2836 1015 2900 s1
1031 2862 1073 2904 eu
1087 2861 1133 2903 re·

318 2953 413 3030 ,bum
436 2950 528 3015 valde
545 2949 578 3014 δι
596 2949 740 3026 modica,
763 2948 798 3012 δι
814 2950 959 3014 illustria.
1007 2953 1092 3019 Nam
1112 2951 1132 3016 fi

331 3064 473 3129 Mancini
497 3062 623 3127 cansam
642 3065 675 3126 in
701 3082 765 3126 uno
790 3062 939 3139 Mancino
964 3067 1132 3148 ponimus,

330 3178 600 3264 quotiescumque
614 3177 662 3254 is,
682 3196 777 3259 quem
792 3185 1026 3259 paterpatratus
1042 3183 1130 3246 dedi·

310 3292 432 3369 -derit,
453 3299 601 3374 receptus
622 3311 688 3354 non
705 3288 783 3365 erit,
809 3290 905 3353 toties
929 3293 1023 3355 causa
1045 3312 1130 3358 nova
1199 3338 1204 3367 .,

309 3450 314 3461 .
328 3405 487 3468 nascetur.
521 3401 577 3467 Sin
593 3404 626 3466 in
642 3404 697 3467 iiia
711 3403 923 3467 controversia
938 3405 1066 3470 causum
1083 3410 1130 3473 sa·

309 3572 312 3579 .
327 3517 383 3592 cit,
407 3516 606 3582 Videatnrne
620 3518 662 3592 ei,
685 3539 781 3602 quem
794 3528 1027 3599 paterpatratus
1040 3524 1131 3586 dedi·

238 3700 249 3715 ,
321 3629 430 3714 deris,
451 3627 476 3699 fi
498 3631 530 3709 iq
551 3651 619 3700 nou
642 3630 684 3696 itt
705 3640 854 3713 receptua
871 3675 882 3707 ,
898 3631 1130 3711 qouttminiun
1205 3640 1206 3709 i
