2725 4350
222 443 226 450 ι
330 583 332 588 ,
464 497 806 571 liuilni.
1023 514 1067 586 ις

252 691 390 766 ceptus,
412 676 544 761 infringi
561 677 630 763 jam
639 659 863 761 debilitarique
877 675 1065 755 videntum

253 795 323 859 dici
332 792 413 857 mihi
427 792 577 869 memini,
597 792 750 859 ludorum
758 792 981 856 Romanorum
996 791 1066 857 die-
1097 847 1100 852 .

255 911 341 984 bus,
365 904 403 970 L.
418 904 578 985 Crassum,
601 901 691 990 quali
703 903 874 989 colligendi
890 903 937 969 sui
950 903 1065 983 eausa,

248 1022 290 1105 ¹l'e
305 1021 341 1084 in
356 1015 575 1086 Tarentinum
595 1014 784 1085 contuliffet
815 1012 933 1085 veniffe
951 1020 1067 1084 eodem
1198 1055 1201 1060 ·

255 1133 406 1201 socerum
421 1127 510 1217 ejus,
534 1131 590 1216 qui
606 1128 698 1199 fuiffe
710 1132 854 1211 Quintus
870 1128 998 1198 Mucius
1016 1131 1067 1198 di-

258 1249 414 1326 cebntur,
446 1240 481 1312 n
507 1247 553 1312 ll.
572 1245 755 1322 Antonius,
785 1244 883 1312 homo
911 1245 946 1311 δι
963 1239 1067 1311 conli-

256 1357 383 1430 liuram
401 1357 437 1425 iu
454 1361 621 1446 republica
644 1361 764 1442 socius,
795 1358 829 1425 δι
847 1361 972 1425 summa
992 1379 1066 1427 cum

258 1473 372 1544 Cnffo
400 1470 623 1541 familiaritate
645 1472 846 1559 conjunstus.
911 1474 1067 1540 Exierant
1075 1485 1111 1546 25

261 1596 376 1656 nutem
403 1605 478 1652 curn
506 1583 572 1672 ipso
602 1585 707 1655 Craffo
738 1585 953 1654 adolescentes
979 1586 1069 1668 dun,

259 1700 360 1772 Druli
383 1702 524 1780 maxime
539 1698 730 1782 familiares,
765 1697 800 1768 dr
812 1704 847 1766 in
863 1695 984 1788 quilius
999 1717 1068 1767 mn·

261 1829 362 1902 gum
374 1822 448 1881 tum
460 1809 548 1900 spem
562 1815 702 1899 majores
720 1823 799 1882 natu
817 1814 983 1900 dignitatis
1001 1817 1067 1883 suae

260 1931 481 2008 collocarunt,
512 1929 548 1995 C.
566 1931 680 2006 Cotta,
710 1929 766 2015 qui
781 1939 851 1996 tum
869 1930 1069 1996 tribunatum

261 2037 368 2132 plebis
394 2043 539 2127 petebat,
574 2041 609 2108 ὃ(
631 2044 667 2109 Ρ.
687 2042 869 2132 Sulpicius,
902 2044 961 2131 qui
977 2041 1071 2110 dein·

261 2174 342 2243 nep!
358 2173 433 2222 eum
454 2155 674 2241 magistratum
695 2154 858 2242 petiturus
885 2160 1069 2243 putabatur.

263 2272 316 2339 Hi
328 2270 431 2355 primu
449 2273 501 2336 die
516 2275 555 2337 de
568 2275 766 2357 temporibus
776 2267 851 2350 illis,
876 2270 980 2356 deque
995 2274 1069 2338 uni·
1078 2293 1114 2352 26

265 2385 358 2455 versa
375 2381 555 2469 republica,
579 2406 675 2471 quam
694 2387 734 2450 ub
755 2384 879 2450 causam
899 2397 1071 2465 venerant,

265 2497 411 2566 multum
426 2500 510 2563 inter
523 2500 554 2563 se
570 2501 671 2585 usque
689 2507 729 2564 ad
747 2511 928 2567 extremum
942 2510 1072 2586 tempus

266 2615 336 2681 diei
352 2613 507 2678 collocuti
524 2614 605 2678 sunt,
650 2615 728 2690 Quo
750 2616 877 2698 quidem
900 2615 935 2679 in
952 2619 1073 2683 sermo·

266 2748 312 2794 ne
326 2729 428 2791 multa
441 2728 593 2792 divinitus
606 2748 626 2792 a
649 2731 752 2794 tribus
772 2732 837 2795 illis
854 2731 1073 2798 consularibus

267 2841 547 2924 Cottadeplorata
570 2840 605 2906 ἀ
629 2856 881 2915 commemorata
903 2849 1074 2925 narrabat,

267 2966 312 3021 ut
330 2955 411 3019 nihil
424 2955 580 3019 incidisset
594 2958 702 3040 postea
725 2961 850 3025 civitati
868 2962 965 3037 mali,
986 2958 1074 3044 quod

267 3089 336 3135 non
358 3069 542 3151 impendere
559 3066 607 3134 illi
630 3078 721 3135 tanto
741 3084 817 3139 ante
837 3072 999 3139 vidissentz
1032 3094 1071 3136 eo
1081 3098 1117 3157 27

269 3193 384 3247 autem
411 3184 499 3246 omni
522 3184 665 3249 sermone
689 3186 853 3262 confecto,
887 3192 1011 3252 tantam
1038 3186 1073 3249 in

270 3295 379 3362 ctaffo
390 3280 623 3361 humanitatem
638 3299 746 3378 fuiffe,
769 3311 827 3380 ut,
850 3301 1102 3366 cumlautian,

272 3410 472 3488 cubuissent,
504 3413 672 3476 tolleretur
697 3415 799 3479 omnis
823 3416 878 3481 illa
903 3413 1074 3499 superioris

272 3524 402 3587 tristitia
415 3526 583 3602 sermonis,
605 3543 709 3612 eaque
724 3528 800 3593 esset
821 3532 856 3595 in
878 3532 1008 3596 homine
1022 3529 1077 3614 ju·

273 3640 445 3716 cunditas,
478 3639 513 3705 dr
529 3649 641 3704 tantus
666 3641 701 3705 in
726 3641 859 3726 jocando
892 3647 999 3732 lepos,
1039 3650 1076 3707 ut
