2725 4350
327 539 371 613 53
490 483 562 619 xora
592 523 962 594 ruvaurrono

247 744 249 747 -
307 750 310 764 ,
328 722 395 769 non
410 701 506 765 modo
523 702 661 784 quadam
679 722 720 766 ex
737 700 918 768 necestitate
935 701 1058 784 semper
1074 724 1133 769 eo·

251 891 253 895 ¹
329 817 403 881 dem
418 818 513 880 modo
523 813 625 891 fiuntt
647 835 762 880 rerum
776 818 816 880 ad
831 817 988 881 utilitates
1001 836 1132 900 quoquc

329 946 438 994 terum
456 930 602 992 omnium
613 928 689 992 sunt
704 932 967 1007 accommodatae,
989 927 1024 994 ἃ
1041 933 1131 994 diur-

327 1062 380 1109 nae
404 1038 638 1123 nosturnaeque
655 1041 903 1121 viciffitndines,
927 1046 1014 1108 nulla
1035 1044 1069 1107 in
1092 1061 1130 1107 re

328 1173 473 1239 unquam
488 1164 620 1219 mutatae
635 1157 813 1241 quidquam
824 1165 1017 1222 nocuerunt.
1042 1156 1130 1233 Quae

319 1266 415 1363 ¹figop
430 1255 504 1332 iunt
518 1270 637 1346 omnia,
660 1289 726 1336 non
735 1251 890 1335 mediocri
902 1272 1041 1353 quodam
1050 1290 1130 1333 con·

325 1380 394 1447 filio
419 1390 565 1446 naturam
591 1369 702 1449 muntii
726 1384 947 1448 administrari.
1001 1384 1129 1460 Quinto

261 1543 262 1547 η
323 1495 484 1561 inducunt
500 1497 572 1575 loco
587 1496 842 1579 complexionem
859 1519 950 1576 eam,
973 1517 1047 1581 quae
1065 1504 1125 1560 aut

324 1608 359 1674 id
378 1611 475 1674 infert
494 1610 610 1687 solum,
634 1610 722 1695 quod
745 1632 785 1675 ex
809 1613 956 1675 omnibus
980 1612 1128 1696 partibus

271 1789 273 1791 ,
322 1724 469 1804 cogitur,
492 1724 560 1788 hoc‘
574 1725 688 1788 modot
712 1723 849 1790 Consilio
867 1725 964 1807 igitur
980 1728 1124 1788 mundus·

324 1835 577 1924 administratur:
601 1851 771 1902 autunum
784 1839 817 1901 in
832 1840 940 1899 locum
956 1857 1031 1900 com
1046 1858 1127 1900 cons

202 2018 204 2022 ,
322 1950 457 2029 duxerit
471 1948 609 2013 breviter
633 1949 875 2032 propofitionem
899 1946 932 2012 δι
958 1947 1126 2013 assumtio-

203 2087 206 2094 ·
321 2044 416 2136 nem,
441 2062 609 2144 adjungit,
624 2064 712 2147 quod
729 2083 768 2125 ax
784 2064 833 2125 hia
852 2061 1055 2136 conticlatur,
1080 2065 1125 2135 ad

320 2174 408 2241 hunc
423 2180 575 2241 modum:
598 2177 694 2263 Quod
716 2175 738 2241 st
759 2177 876 2240 melius
897 2182 1051 2257 geruntur
1069 2196 1122 2255 ea,

308 2294 394 2375 'quae
413 2289 558 2367 confilio,
583 2310 680 2374 qnam
698 2311 771 2375 quae
786 2287 851 2355 line
869 2285 998 2352 confilio
1016 2290 1121 2353 admi·

318 2405 509 2499 nistrantnr:
534 2403 614 2473 nihil
634 2415 739 2471 autem
763 2404 909 2470 omnium
928 2422 1034 2467 rernm
1051 2423 1122 2466 mc·

318 2514 386 2578 lius
412 2488 671 2593 adminiitflrur,
702 2537 797 2602 quam
824 2517 928 2581 omnia
959 2517 1116 2592 mundua;

318 2625 448 2690 consilio
467 2630 564 2706 igitur
575 2632 713 2693 mundus
726 2629 973 2694 administratur.
1013 2628 1118 2705 Quin·

318 2741 534 2824 quepertitam
548 2741 648 2823 igitur
660 2743 722 2805 hoc
740 2738 833 2823 patto
853 2751 968 2824 putant
987 2738 1048 2808 eise
1066 2760 1119 2804 ar·

250 2855 604 2951 35pnmentation'em.
645 2854 712 2931 Qui
725 2863 833 2920 autem
848 2856 1041 2938 tripertitam
1055 2853 1121 2919 eise

272 2972 306 3023 ⁶0
318 2966 449 3045 dieunt,
470 2967 494 3030 ii
510 2986 574 3031 non
589 2968 682 3034 aliter
697 2978 809 3052 putant
825 2967 955 3033 trattati
968 2976 1118 3050 oportere

315 3082 637 3160 argumentationem,
660 3081 924 3166 ied'partitionem
937 3083 1051 3145 horum
1065 3101 1117 3144 re·

188 3242 191 3247 .
313 3171 527 3285 prehendunt.
563 3206 681 3276 negant
702 3197 788 3260 enim
810 3213 917 3279 neque
936 3214 955 3256 a
974 3191 1117 3277 proposi·¹

314 3305 429 3385 tione,
458 3327 564 3392 neque
588 3309 628 3373 ab
652 3307 843 3373 assumtione
868 3307 1117 3391 approbationes

313 3437 428 3485 aarum
449 3421 585 3497 separati
605 3433 772 3506 oportere,
800 3441 903 3505 neque
927 3419 1114 3502 propofitio-

281 3557 295 3591 ·.
311 3551 387 3598 nem
406 3534 594 3609 absolutam,
617 3556 720 3620 neque
736 3535 956 3599 ali‘umtionem
974 3532 1029 3597 sibi
1041 3555 1116 3616 per-

228 3718 230 3740 Ι
310 3641 429 3712 iollam
444 3647 563 3732 rideri,
585 3667 659 3735 quae
678 3649 907 3736 approbatione
922 3646 1114 3712 confirmata
