2725 4350
521 494 844 566 LIBER1.‘
1017 510 1063 591 ῃ

257 673 315 743 sed
330 674 396 760 ipsa
409 671 578 757 separatim
590 671 679 755 longi
693 672 863 756 temporis,
887 670 922 737 ὅτ
937 691 1062 757 magnae
1094 656 1104 670 ⁸
1145 725 1148 734 .

258 784 860 873 utquearduaecogitationis-indigeat.
892 805 992 868 quare
1006 788 1064 852 illu

254 901 355 968 nobis
369 902 433 965 alio
447 906 592 982 ternpore
603 905 701 983 atque
716 902 757 965 ad
770 900 856 964 aliud
869 899 1062 978 institutum,

256 1014 281 1080 sr
302 1013 441 1081 facultas
460 1011 549 1090 erit,
582 1010 835 1095 explicabuntur.
887 1012 985 1079 Nunc
1009 1012 1063 1078 his

254 1126 530 1215 praeceptiouibus
544 1124 711 1197 rhetorum
724 1127 764 1191 ud
778 1126 870 1191 usum
882 1126 1062 1191 oratorium
1109 1126 1112 1132 '

256 1252 432 1317 contentos
445 1236 507 1304 esse
522 1238 692 1323 oportebit.
736 1239 821 1305 Cum
835 1239 933 1322 igitur
952 1262 992 1305 ex
1006 1240 1061 1318 iis,

254 1354 549 1440 quaesumuutur,
571 1352 692 1436 aliquid
707 1371 773 1417 non
791 1353 993 1434 conceditur,
1016 1352 1060 1418 fic

253 1465 484 1546 infirmabitur.
536 1464 646 1541 Quum
666 1472 775 1529 autem
786 1513 797 1545 ,
818 1466 870 1530 his
890 1464 1056 1543 cancellis,
1068 1484 1127 1577 47

254 1565 439 1664 coruplexio
458 1599 499 1671 erc
516 1578 568 1648 his
586 1598 651 1643 nou
672 1579 857 1656 conficitur,
878 1579 949 1643 hoec
965 1577 1107 1645 erunt'sst

253 1693 502 1761 consideranda:
524 1711 604 1756 uum
625 1692 714 1758 uliud
735 1692 948 1771 conficiatur,
972 1695 1061 1761 aliud

256 1812 404 1883 dicatur,
425 1806 487 1869 hoc
507 1807 621 1869 ruodo:
650 1802 705 1883 Si,
728 1826 826 1889 quum
846 1806 959 1890 aliquis
973 1808 1061 1873 dicat

254 1925 288 1990 se
308 1917 492 2007 profestum
513 1917 576 1983 effe
599 1919 640 1982 ad
661 1922 862 1999 exercitum,
885 1928 1061 2005 contraque

256 2058 339 2103 eum
360 2034 432 2118 quis
452 2033 530 2097 velit
547 2033 609 2096 hac
630 2017 906 2116 {rgumentatioue
926 2035 995 2099 utic
1023 2032 1077 2099 st.

254 2147 395 2219 venisses
411 2148 451 2211 ad
465 2146 662 2223 exercitum,
685 2164 705 2210 a
718 2146 854 2214 tribunis
866 2148 1062 2215 militaribuc
1091 2218 1095 2231 ¹

255 2265 345 2331 visus
361 2261 461 2338 effes3
491 2281 554 2324 non
571 2281 606 2324 es
623 2267 730 2343 autern
750 2261 789 2325 ab
807 2263 857 2325 his
871 2261 972 2339 visus;
993 2280 1060 2324 non

255 2402 293 2444 es
315 2377 418 2459 igitur
437 2372 598 2457 profestos
615 2376 655 2436 ad
673 2374 862 2438 exercitum.
907 2373 972 2437 Hic
987 2393 1061 2438 curu

257 2488 449 2556 concesseris
477 2484 727 2569 propositionem
755 2485 790 2550 ἂ
818 2487 1062 2567 assumtionem,

255 2602 439 2684 complexio
452 2601 496 2665 est
505 2599 707 2664 infirmanda.
729 2600 831 2664 Aliud
841 2601 938 2678 eninr,
961 2620 1060 2684 quum

258 2718 455 2802 cogebatur,
485 2715 611 2777 illatum
635 2713 691 2777 est.
734 2714 784 2776 Ac
804 2733 889 2778 nunc
913 2715 1107 2796 quideme

257 2854 324 2918 quo
346 2829 473 2895 facilius
492 2847 542 2891 res
560 2825 818 2908 cognosceretur,
845 2828 1009 2911 ,perspicuo
1027 2828 1062 2893 δε

258 2944 375 3030 grandi
392 2941 470 3005 vitio
492 2941 660 3022 praeditum
681 2938 843 3021 posuimus
859 2943 1067 3023 exemploru:

258 3060 313 3123 led
329 3057 411 3139 saepe
435 3053 599 3118 obscurius
614 3050 754 3136 politum
778 3054 895 3118 vitium
912 3074 969 3136 pro
985 3074 1061 3118 vero

260 3172 435 3256 probatur,
460 3187 532 3229 curu
554 3176 610 3228 aut
626 3185 739 3248 parum
758 3168 961 3243 memineris,
986 3168 1063 3249 quid

263 3279 472 3357 concesseris,
496 3287 553 3342 out
570 3282 755 3362 ambiguum
767 3281 886 3362 aliquid
902 3299 958 3363 pro
975 3289 1062 3342 certo
1108 3327 1110 3329 -

264 3394 464 3462 concesseris.
509 3394 706 3474 Ambiguum
724 3391 747 3455 sr
767 3393 950 3457 concesseris
968 3413 1007 3456 ex
1024 3411 1064 3456 ea

265 3519 372 3596 parte,
395 3526 492 3589 quam
505 3506 568 3587 ipse
579 3507 791 3580 intellexeris,
816 3515 1023 3587 campartem
1040 3503 1064 3570 ss

267 3620 461 3691 adversarius
483 3621 523 3683 ad
543 3619 638 3725 eliam
651 3629 776 3704 partem
796 3637 854 3704 per
868 3619 1066 3703 complexio:
