2725 4350
301 540 345 612 ee
468 517 537 599 or
567 511 933 585 ruvuurrour

257 738 269 750 ‹.
303 703 411 759 autem
419 699 574 775 praeterea
582 688 779 756 considerare
790 690 958 776 oportebit
971 714 1013 760 ne
1027 706 1124 812 aut,

302 829 379 873 eum
394 804 472 872 obsit
484 804 642 883 narratio,
664 817 721 868 aut
732 823 808 867 cuni
822 804 903 868 nihil
917 805 1025 889 profit,
1047 818 1099 878 ta·

303 943 377 986 men
399 921 638 1001 interponatur,
660 925 716 982 aut
734 935 800 980 non
818 918 912 995 loco,
943 928 1001 985 aut
1017 935 1123 1018 non,

303 1033 571 1119 quemadmodum
581 1030 672 1095 eausa
685 1028 832 1113 postulat,
845 1041 1004 1100 narretur.
1026 1031 1123 1102 Ob-

302 1146 346 1211 est
361 1155 447 1223 tum,
470 1165 545 1207 cum
566 1142 662 1227 ipsus
682 1144 732 1208 rei
747 1141 840 1226 gessae
856 1142 1009 1227 expositio
1026 1117 1123 1246 maa?

301 1261 398 1343 gnam
419 1257 536 1340 exeipit
556 1253 778 1332 ostentionem,
802 1273 900 1346 quam
922 1251 1123 1393 ugonem:

299 1375 413 1447 tando,
443 1369 476 1434 δι
504 1362 629 1433 eausam
652 1372 774 1451 agendo
799 1369 893 1434 leniri
921 1343 1123 1501 oportebitss

302 1485 397 1562 Quod
422 1503 495 1547 rum
514 1481 681 1558 acciderit,
712 1484 911 1547 membratim
936 1453 1123 1594 oportebit?

299 1609 407 1683 partes
422 1614 469 1660 rer
458 1591 577 1677 ‘getiae
593 1595 642 1658 dis
639 1613 769 1677 pergere
787 1596 821 1658 in
840 1595 916 1659 caus
912 1616 980 1675 am,
1003 1599 1039 1664 δι
1055 1597 1120 1666 ad·'''

300 1726 557 1792 unamquamque
567 1708 728 1772 confestim
743 1709 897 1772 rationem
912 1679 1123 1779 aerumma-¹

294 1825 395 1899 dare,
417 1833 454 1885 ut
475 1820 600 1885 vulneri
621 1821 733 1903 praesto
756 1822 1028 1886 medicamentum
1046 1795 1122 1928 sita:¹

300 1934 345 2000 &-
352 1935 460 1998 odium
470 1932 572 1996 statim
588 1931 724 1997 defensio
741 1934 877 2016 mitiget.
902 1935 990 2016 Nihil
1000 1937 1112 2019 prod·

300 2047 344 2112 est
357 2048 495 2111 narratio
513 2053 606 2121 tunc,
630 2065 704 2110 cum
727 2054 785 2109 aut
804 2047 844 2111 ab
858 2046 1042 2113 adversariis
1061 2069 1107 2120 re

300 2156 448 2246 exposta,
471 2157 575 2224 nostra
587 2158 667 2229 nihil
682 2158 820 2236 interest,
838 2133 1122 2229 iterumautalio³

299 2277 394 2340 modo
408 2291 552 2338 narraret
576 2281 632 2336 aut
646 2293 721 2336 cum
739 2274 777 2336 ab
793 2273 854 2350 iss,
878 2274 934 2357 qui
948 2273 1100 2359 audiunt,

249 2395 263 2445 Γ
299 2390 346 2452 ita
364 2396 493 2452 tenetur
505 2387 686 2468 negotium,
709 2394 747 2450 ut
759 2387 862 2449 nostra
876 2387 956 2450 nihil
973 2366 1122 2463 interiit¹

300 2522 356 2566 eos
374 2502 437 2564 alio
452 2497 544 2582 patto
561 2501 686 2562 docere.
734 2499 827 2574 Quod
843 2520 918 2563 cum
932 2500 1097 2589 acciderit,

300 2613 430 2676 omnino
448 2611 628 2673 narratione
644 2609 905 2693 supersedendum
924 2612 981 2677 est.
1019 2614 1116 2683 Nou'

299 2725 370 2788 loco
390 2723 524 2800 dieitur,
547 2724 709 2787 cum'non
728 2723 762 2788 in
781 2744 819 2790 ea
833 2734 923 2809 parte
940 2712 1121 2795 orationis*

299 2837 493 2913 collocatur,
521 2836 554 2898 in
573 2855 706 2918 quares
724 2837 874 2919 postulat:
898 2859 962 2920 quo
979 2844 1019 2905 de
1035 2828 1110 2924 gaus

298 2969 376 3015 nere
388 2969 518 3034 agemus
533 2958 618 3027 tum,
642 2971 717 3013 cum
735 2953 773 3014 de
790 2938 988 3032 dispositione
1004 2920 1121 3047 diae-f

298 3083 398 3140 mue,
426 3065 585 3128 namhoc
611 3065 652 3126 ad
677 3061 909 3144 dispositionem
940 3052 1120 3146 pertinen:

297 3176 383 3252 Non,
395 3179 661 3259 quemadmodum
672 3175 762 3239 eausa
771 3174 920 3259 postulat,
930 3154 1120 3261 narratum}

296 3309 373 3356 ,cum
392 3297 451 3353 aut
470 3290 522 3367 id,
545 3291 630 3372 quod
648 3288 823 3352 adversario
841 3288 983 3372 prodest,
1003 3274 1120 3357 otto-5*

294 3402 365 3466 eide
379 3400 411 3467 dr
425 3413 536 3467 ornate
550 3402 732 3485 exponitur,
754 3409 811 3466 aut
826 3403 869 3477 id,
885 3405 971 3483 quod
984 3388 1120 3486 ipso-s

293 3513 432 3594 adjuvat,
450 3518 581 3580 obscure
593 3515 709 3576 dicitur
724 3513 758 3578 dr
771 3514 980 3596 negligenter.
999 3497 1120 3589 Qua-h

290 3642 346 3704 re,
368 3635 405 3692 ut
416 3628 476 3692 hoc
492 3629 608 3705 vitium
624 3627 763 3705 vitetur,
785 3629 893 3694 ornnia
911 3610 1117 3712 Quem-'‘-

868 3831 1026 3987 nr
