2725 4350
284 445 413 596 -po
510 450 998 573 ncoxxroxn

352 685 442 748 tione
458 682 633 766 poliuntur.
679 677 743 741 Hic
759 673 871 742 noster
886 675 1039 762 vulgaria
1059 686 1165 756 oraton

352 795 509 860 iiminur
539 793 602 857 erit
629 788 764 868 doctor,
795 796 948 856 attamen
978 793 1164 860 indicendo

354 909 561 983 exercitatur,
583 906 644 970 hac
657 903 723 989 ipsa
737 902 983 971 exercitatione
999 908 1166 985 communi,

354 1021 431 1088 istor
451 1021 580 1105 quidem
605 1016 755 1105 [nostroe]
774 1017 967 1085 verberabit
979 1062 1004 1099 ,-
1025 1041 1129 1107 neque
1144 1022 1167 1085 le

266 1114 273 1128 ,
310 1145 347 1201 ro
356 1137 397 1201 ab
411 1137 452 1199 iic
467 1133 629 1198 contemni
646 1149 685 1196 ac
703 1129 819 1215 despici
836 1128 935 1196 linem
984 1132 1048 1200 Sin
1063 1134 1166 1220 aliquo

356 1248 512 1315 exstiterit
527 1248 719 1332 aliquando,
741 1243 796 1330 qul
808 1241 1011 1311 Aristotelio
1030 1268 1122 1313 more
1136 1251 1164 1311 de

358 1363 509 1427 omnibus
524 1362 621 1426 rebus
633 1361 667 1422 lo
685 1366 857 1441 utramque
869 1340 1076 1425 sententiam
1090 1358 1163 1446 polit

357 1477 475 1553 dicere,
499 1472 532 1538 dr
545 1475 579 1536 lo
593 1470 681 1534 omni
695 1469 788 1534 causa
801 1472 885 1535 duaa
901 1476 1094 1564 contrariae
1107 1493 1164 1539 ora·

356 1589 484 1664 tiones,
506 1583 682 1669 praeceptis,
698 1579 788 1648 illiue
804 1584 969 1667 cognitis,
1002 1590 1162 1674 explicare,

355 1708 414 1763 aut
425 1697 487 1785 hoc
501 1695 652 1763 Arcefilae
665 1696 773 1774 modo,
796 1695 830 1762 &
845 1695 1045 1781 Carneadia,
1068 1711 1163 1767 conto

358 1833 471 1899 omne,
495 1809 790 1898 quodpropofitum
803 1805 853 1887 fit,
877 1809 1036 1893 disseram
1059 1816 1164 1899 quique

358 1930 399 1993 ad
416 1907 486 1993 eam
507 1927 666 1992 rationem
689 1920 842 2008 adjungat
861 1922 952 1989 hunc
974 1928 1165 1994 rhetoricum

357 2040 472 2119 ulum,
500 2056 689 2123 moremque
709 2037 1052 2125 exercitationemque
1070 2044 1165 2107 dicen·

352 2156 402 2234 di,
425 2155 453 2220 is
470 2152 507 2219 fit
524 2173 632 2230 verus,
654 2147 876 2235 reperiemus,
902 2152 932 2216 ie
949 2153 1044 2221 solus
1060 2167 1166 2223 orator.

359 2270 445 2336 Nam
461 2288 568 2351 neque
582 2262 647 2330 fine
662 2263 841 2330 forensibus,
852 2267 965 2332 nervis
985 2269 1068 2336 satir
1085 2271 1167 2336 vehe·

357 2399 450 2445 mene
473 2380 508 2445 dr
527 2380 650 2462 gravis,
673 2398 733 2442 nec
754 2376 819 2442 fine
836 2379 1003 2446 varietate
1022 2383 1166 2449 dostrinc

358 2495 433 2558 satis
457 2492 579 2577 politus
604 2491 637 2557 dr
668 2491 791 2573 sapiens
820 2488 882 2554 effe
916 2504 1036 2561 orator
1067 2474 1187 2582 potest(

312 2623 343 2679 rr
359 2609 470 2682 Quare
488 2607 640 2672 Coracem
657 2604 753 2668 istum
771 2603 908 2669 vestrum
927 2606 1102 2687 patiamur
1118 2626 1166 2674 nor

355 2721 484 2804 quidem
506 2719 613 2803 pullos
634 2718 706 2782 suos
725 2717 895 2782 excludere
924 2720 961 2783 io
986 2723 1091 2800 nido,
1123 2720 1167 2807 qui

215 2877 222 2882 -
357 2833 505 2909 evolent,
528 2834 717 2896 clamatores
736 2825 833 2893 odiofi
847 2849 884 2893 ac
902 2833 1058 2916 molesti;
1083 2839 1168 2902 Pam·

358 2947 550 3032 philumque
577 2945 682 3010 nescio
710 2964 808 3027 quem
832 2941 975 3010 finanus
1002 2948 1040 3013 in
1064 2949 1167 3016 infulis

359 3069 484 3123 tantam
505 3080 590 3134 rem,
613 3067 779 3142 tamquam
798 3057 939 3142 pueriles
958 3061 1099 3128 delicias
1116 3063 1166 3126 ali·

359 3189 454 3255 quas,
478 3173 668 3255 depingeret
692 3170 812 3254 nosque
822 3169 878 3254 ipfi
893 3171 957 3234 hac
969 3182 1043 3238 tam
1059 3173 1165 3259 exigua

357 3285 730 3369 disputatione,hesterni
751 3283 785 3349 dr
808 3284 958 3348 hodierni
980 3289 1051 3354 diei
1069 3299 1165 3354 totum

356 3399 501 3466 oratoris,
518 3417 638 3462 munus
660 3398 880 3481 explicemus,
912 3399 1097 3467 dummodo
1117 3402 1164 3465 illa

357 3526 408 3572 res
430 3519 520 3574 tanta
546 3506 600 3588 fit,
624 3519 660 3575 ut
680 3513 831 3578 omnibus
849 3512 1116 3598 philosophorum
1130 3514 1163 3579 li·

353 3625 442 3713 bris,
475 3648 559 3716 quos
573 3645 672 3694 nemu
688 3633 854 3688 oratorum
859 3625 997 3689 ‘nixorum
1011 3647 1161 3713 umquam
