2725 4350
351 496 993 600 n2·ononnnonc
1104 548 1109 558 ·
1189 473 1194 542 ²

1189 549 1193 576 Ι

1130 595 1139 613 x
1189 581 1193 616 Ι

287 728 340 787 340
354 725 451 791 qnam
466 704 559 769 utile.
604 703 704 768 Nullo
722 707 832 765 auten
846 699 923 765 loco
942 700 1019 784 pius
1034 701 1147 768 lacida

325 870 333 891 .
355 820 504 906 prosunt,
532 817 567 883 ἃ
586 818 758 890 celeritas,
781 811 815 878 δι
834 813 935 878 brc‘ve
954 814 1093 898 ailquod
1110 816 1150 880 di·

357 932 458 1009 stum,
474 948 533 994 nec
545 928 609 994 fine
626 929 791 1011 dignitate,
814 922 849 989 u
862 944 940 989 curn
955 927 1084 1011 lepore.
1104 928 1154 994 lii·
1192 955 1194 964 ·

216 1080 218 1084 .
355 1046 501 1111 bilenim
516 1052 582 1108 tan
598 1042 708 1114 facile,
731 1058 827 1122 quarn
841 1038 1047 1119 multitudo,
1072 1042 1153 1106 atri·
1191 1051 1195 1182 Ι

277 1213 280 1224 .
357 1158 457 1233 stitia,
481 1156 514 1221 δι
534 1156 615 1239 saepe
635 1156 673 1219 ab
692 1153 884 1229 acerbitate,
908 1157 1106 1233 commode,
1125 1174 1157 1218 ac

357 1271 508 1348 breviter,
531 1269 565 1334 do
582 1276 686 1343 acute,
709 1265 742 1332 dr
758 1265 861 1331 hilare
875 1263 964 1328 ditio
978 1268 1157 1348 deducitur.

293 1371 349 1473 84
425 1383 562 1467 Exposui
576 1383 659 1457 lere,
682 1387 719 1443 ut
734 1378 841 1461 potui,
863 1378 956 1444 vobis
973 1379 1012 1443 in
1028 1391 1157 1465 utroque

360 1516 477 1579 genere
495 1491 676 1569 caularum,
703 1510 775 1572 quac
799 1490 885 1573 sequi
903 1491 1072 1572 solerem,
1094 1513 1158 1579 quc

360 1611 489 1689 fugere,
521 1626 595 1689 quac
615 1601 784 1687 ipestare,
816 1608 944 1688 quaque
970 1607 1158 1671 omninoin

296 1726 346 1786 ³4¹
363 1719 465 1783 caulis
490 1715 613 1783 ratione
637 1716 765 1783 versari.
817 1715 886 1779 Nec
916 1716 1004 1783 illud
1031 1720 1158 1786 tertiora

243 1857 246 1868 ¹
360 1834 580 1901 laudationum
595 1851 698 1913 genus
710 1827 753 1894 est
763 1825 905 1906 difficile,
928 1833 1160 1917 quodcgoini·

362 1947 409 2011 tio
424 1945 509 2031 quafi
527 1965 545 2008 a
559 1945 728 2029 praeceptis
743 1941 855 2008 nostris
873 1942 1095 2012 secreverarna
1115 1946 1160 2011 scd

364 2055 484 2143 &quia
501 2060 603 2123 multa
617 2059 691 2124 sunt
705 2056 886 2121 orationum
899 2075 1038 2138 genera,
1055 2058 1161 2142 &gra-

362 2173 475 2248 viora,
505 2172 538 2236 de
561 2171 690 2252 majoris
715 2170 835 2254 copiae,
865 2170 906 2234 dc
929 2170 1054 2254 quibus
1076 2194 1160 2238 nemu

363 2288 431 2353 iere
448 2287 652 2366 praeciperet,
676 2282 711 2348 dc
733 2285 818 2367 quud
840 2303 899 2346 nos
922 2283 1160 2352 laudationibus

364 2400 489 2464 nonita
508 2399 646 2462 muitum
661 2397 712 2462 uti
727 2398 916 2474 soleremus,
946 2405 1064 2464 totum
1085 2401 1160 2464 hunc

364 2511 565 2593 iearegabam
580 2510 702 2574 iocum.
740 2507 801 2593 Ipii
817 2509 902 2574 enim
918 2509 1046 2591 Gracci,
1070 2513 1160 2596 magia

365 2625 512 2701 legendi,
536 2622 570 2687 δι
584 2605 816 2699 delectationis,
839 2629 896 2685 aut
908 2623 1056 2688 hominis
1074 2627 1162 2693 aiicu-

364 2736 416 2820 jus
440 2737 590 2813 ornandi,
619 2755 715 2818 quarn
744 2736 890 2799 utilitatis
911 2733 1014 2818 hujus
1037 2737 1161 2806 lotenfia

363 2850 479 2923 causa,
501 2848 704 2912 laudationes
723 2849 1003 2931 scriptitavcrunt:
1029 2872 1162 2936 quornm

364 2964 437 3030 sunt
462 2963 550 3038 libri,
577 2962 693 3044 quibus
713 2959 942 3025 Themistocles
951 3007 968 3038 ,.
991 2964 1162 3044 Aristides,

363 3075 541 3158 Agesilaus,
567 3076 810 3164 Epaminondas,
831 3074 1012 3156 Philippus,
1026 3081 1165 3147 Alexan·

364 3193 421 3255 der
442 3190 561 3270 aliique
581 3189 779 3252 laudantur:
810 3187 923 3250 nostrae
943 3188 1164 3271 laudationes,

364 3304 479 3384 quibus
499 3302 530 3362 in
548 3302 617 3363 foro
632 3301 774 3376 utimur,
797 3309 854 3363 aut
868 3299 1048 3368 testimonii
1065 3307 1164 3372 brevi·

363 3419 462 3476 tatem
480 3413 597 3478 habent
620 3419 736 3477 nudam
758 3426 855 3497 atquc
876 3415 1062 3481 inornatam
1074 3465 1085 3496 ,
1114 3424 1165 3484 aut

362 3524 540 3589 scribuntur
560 3530 599 3589 ad
617 3529 782 3589 funebrem
804 3529 1011 3605 concionem,
1036 3553 1113 3615 qnae
1128 3533 1164 3598 ad

363 3622 516 3705 orationis
541 3641 668 3706 laudem
693 3642 825 3707 minine
845 3646 1098 3714 accommodata
1114 3644 1163 3713 cli.
