2725 4350
365 516 409 585 sn
531 494 1018 583 nn1uvunu1uuu

367 681 527 759 praeeepta
544 670 777 756 partitionum,
801 692 873 755 quoe
901 672 1050 736 adhunc
1075 674 1169 743 usum

371 786 548 851 oratorium
575 805 639 848 non
663 793 830 867 tantopere
854 788 1058 869 pertineant;
1093 801 1167 871 quae

370 900 536 968 versantur
548 898 581 962 in
600 896 811 981 philosophia,
833 919 873 962 ex
891 898 1005 981 quibus
1019 898 1090 964 haec
1101 902 1166 984 ipsa

371 1011 600 1087 transtulimus,
615 1030 687 1092 quae
697 1009 867 1075 convenire
876 1011 1073 1089 videbantur,
1086 1032 1168 1095 quo·

373 1144 448 1191 rum
471 1124 553 1188 nihil
574 1123 608 1188 iu
630 1122 746 1189 eeterio
770 1123 894 1188 artibus
915 1124 1169 1191 inveniebamus.

374 1238 485 1320 Atque
499 1237 549 1302 his
570 1235 610 1301 de
631 1237 804 1321 partitione
821 1237 1008 1321 preceptio,
1028 1236 1170 1304 inomni

375 1349 515 1415 difflone
541 1348 717 1416 meminisse
738 1344 918 1434 oportebit,
945 1358 986 1414 ut
1007 1348 1043 1416 δι
1068 1352 1171 1433 prima

375 1480 513 1548 quaeque
531 1480 621 1546 pare,
643 1470 681 1526 ut
699 1461 838 1546 expofite
859 1462 904 1527 est
924 1464 959 1527 in
979 1464 1169 1546 partitione,

376 1576 419 1643 fio
431 1576 543 1641 ordine
554 1572 760 1659 tranfigurat,
783 1576 817 1642 dr
834 1576 981 1642 omnibus
995 1577 1173 1657 explicatio,

376 1697 560 1773 peroratum
580 1687 634 1767 fin
656 1690 719 1753 hoc
733 1691 850 1767 modo,
871 1696 965 1753 utne
979 1688 1056 1771 quid
1069 1687 1172 1772 poste·

377 1801 445 1866 rius
468 1809 584 1884 praeter
605 1800 841 1868 eouclufiouem
859 1801 1026 1865 inferatur.
1070 1793 1174 1865 Parti·

377 1923 433 1983 tur
446 1916 530 1999 apud
545 1912 734 2001 Terentium
746 1913 886 1977 breviter
895 1910 928 1975 dc
944 1915 1113 1978 commode
1128 1914 1175 1996 seq

378 2047 443 2094 nex
465 2028 500 2093 in
525 2023 675 2103 Andria,
703 2044 777 2108 qnae
802 2022 988 2120 cognoscere
1019 2022 1178 2126 libertum

238 2136 251 2156 “
378 2144 490 2211 vetite.

420 2261 463 2317 Eo
473 2257 570 2333 padio,
594 2248 629 2318 &r
637 2252 726 2328 gnati
739 2253 846 2318 vitam,
870 2243 905 2315 ὸ
922 2244 1067 2324 confilium
1078 2269 1176 2312 orreum

425 2366 586 2445 Cognosces,
609 2359 645 2431 ό·
663 2362 735 2442 quid
744 2363 846 2443 facere
863 2361 961 2419 iotae
978 2379 1009 2418 re
1027 2375 1056 2418 te
1072 2363 1172 2423 uelim.

377 2477 493 2560 Itaque
515 2476 785 2559 quemadmodum
807 2472 842 2535 iu
864 2470 1034 2554 partitione
1058 2489 1174 2552 propo·

378 2587 456 2659 suit,
478 2587 524 2649 ita
538 2593 664 2660 narrat,
686 2583 825 2665 primum
838 2582 927 2664 gnati
938 2581 1053 2646 vitam:

423 2711 505 2767 Nam
522 2707 548 2763 is
560 2704 713 2784 postquam
727 2699 834 2777 excefflr
849 2700 1030 2777 exoptabis,
1055 2699 1145 2779 Sesto,

422 2815 559 2875 Liberius
575 2811 695 2872 uiuendi
706 2812 774 2892 fuit
784 2813 922 2890 potestas.

380 2926 505 2993 Deinde
517 2924 609 2990 suum
624 2923 810 2990 confilium:

420 3045 462 3101 Et
480 3061 553 3099 noane
571 3037 606 3098 id
622 3058 741 3115 operum
761 3035 808 3097 do.
899 3094 901 3098 Α
1067 3094 1070 3101 ,

379 3150 505 3216 Deinde
514 3149 592 3232 quid
601 3145 720 3212 Sofiam
735 3149 812 3213 vetit
823 3148 938 3223 faeere,
953 3145 985 3209 id
996 3146 1082 3229 quod
1094 3144 1176 3227 post·

379 3281 502 3328 amum
514 3261 620 3347 posuit
633 3262 666 3325 in
677 3260 859 3344 partitione,
881 3258 1176 3344 postremumdicitt

383 3366 390 3380 ’
425 3381 511 3437 Nunc
526 3393 611 3434 tuum
627 3377 664 3452 ιβ
680 3374 811 3452 officium.

380 3487 661 3562 Quemadmodum
695 3484 794 3567 igitur
822 3485 874 3549 hie
904 3482 938 3550 δι
966 3482 1006 3545 ad
1039 3481 1177 3565 primam

378 3615 536 3684 quamque
553 3604 676 3684 partem
697 3597 837 3683 primum
856 3592 997 3674 accedit,
1020 3593 1055 3660 dt
1071 3594 1177 3682 omni·¹
