2725 4350
475 443 694 555 iIBE'R
732 439 817 555 ΠΙ.
936 535 941 546 .
990 505 1058 572 329

253 660 535 745 disceptationibus
575 660 770 726 exercitatos
789 683 812 738 ς,
846 654 1060 724 ornatiliimoa

226 788 234 798 “
256 767 425 850 scriptores
443 775 645 857 oratoresque
662 778 703 839 ad
718 774 972 857 cognoscendum
986 771 1062 836 imi·
1113 827 1123 869 ἱ

256 894 456 971 tandumque
484 891 655 972 cognorit:
688 908 739 951 nae
769 888 824 953 ille
852 888 939 951 haud
966 886 1059 963 sane,

258 1006 532 1088 quemadmodum
552 1005 649 1068 verba
668 1000 768 1065 struat
788 1000 822 1067 δι
841 1000 1019 1093 illuminet,
1039 1017 1060 1062 a

260 1118 419 1197 magistris
442 1114 508 1180 iliis
530 1116 681 1198 requiret.
712 1116 764 1179 lta
783 1115 877 1189 facile
897 1114 930 1177 in
952 1132 1062 1187 rerum

261 1230 459 1296 abundantia
469 1231 509 1310 ad
523 1229 677 1294 orationis
692 1235 880 1293 ornamenta
891 1225 956 1296 sure
969 1210 1063 1303 duce,

260 1352 378 1411 natura
390 1344 467 1426 ipsa,
488 1341 511 1405 fi
526 1346 622 1407 modo
637 1342 682 1408 est
694 1342 881 1418 exercitata,
902 1343 1041 1405 labetur.

310 1458 394 1521 'llic
417 1458 574 1535 Catulus,
610 1458 665 1523 Dii
690 1455 908 1535 immortales,
940 1454 1130 1543 inquit,32
1159 1457 1161 1463 '

261 1581 416 1656 quantam
438 1585 549 1637 rerum
568 1573 779 1659 varietatem,
811 1567 963 1655 quantam
982 1568 1063 1643 vim,
1081 1540 1134 1600 ¹²⁶

263 1683 420 1770 quantam
450 1686 600 1767 copiam,
629 1683 758 1763 Crasse,
789 1685 976 1770 complexus
1009 1700 1064 1757 es,
1118 1731 1126 1748 .

260 1795 453 1880 quantisque
467 1818 508 1861 ex
520 1796 671 1878 angustiis
684 1793 844 1861 oratorem
856 1800 993 1862 educere
1004 1814 1063 1860 au·

257 1909 316 1975 sus
330 1930 386 1985 es,
408 1898 498 1972 &in
523 1908 679 1997 majorum
695 1909 822 1975 suorum
842 1929 941 1991 regno
964 1910 1066 1974 collo·

265 2024 359 2087 care!
395 2021 543 2106 Namque
558 2022 631 2087 illos
650 2030 775 2087 veteres
791 2020 938 2114 dottores
954 2019 1067 2089 autio-

264 2137 376 2219 resque
397 2136 523 2202 dicendi
546 2138 673 2203 nullum
692 2155 793 2219 genus
811 2133 1031 2220 disputationis
1047 2152 1067 2199 a

265 2251 298 2315 se
322 2253 463 2315 alienum
493 2250 616 2333 putasse
645 2250 852 2332 accepimus,
881 2250 1068 2332 semperque

266 2362 379 2430 esseio
397 2365 485 2432 omni
502 2367 656 2430 orationis
676 2364 803 2428 ratione
822 2363 974 2437 versatos.
1016 2362 1067 2425 Ex
1085 2374 1137 2438 122
1184 2359 1188 2367 '

265 2477 382 2562 quibus
402 2478 504 2542 Eleus
527 2479 680 2562 Hippiae,
703 2497 780 2562 cum
802 2476 990 2561 Olympiam
1012 2498 1068 2542 ve-

265 2588 375 2666 nisset,
398 2592 538 2655 maxima
558 2592 617 2656 illa
635 2590 864 2676 quinquennali
883 2589 1070 2656 celebritate

265 2704 429 2781 ludorum,
445 2705 603 2787 gloriatus
615 2706 670 2783 est,
693 2703 807 2770 euntia
817 2719 909 2788 paene
918 2685 1080 2769 audiente⁴

263 2814 416 2895 Graecia,
438 2818 519 2882 nihil
537 2817 600 2884 esse
618 2819 684 2884 ulla
700 2821 735 2884 iu
751 2827 820 2883 arte
840 2838 947 2882 rerum
964 2817 1071 2882 omni·

264 2949 335 3006 um,
359 2933 443 3012 quod
457 2930 520 3013 ipse
528 2932 686 3005 nesciret:
709 2953 771 2997 nec
783 2932 884 2996 solum
897 2931 956 2995 has
971 2926 1071 3008 artes,

266 3044 383 3127 quibua
411 3042 557 3113 liberales
583 3042 765 3122 doetrinae,
796 3052 893 3129 atque
917 3044 1069 3127 ingenuae

264 3155 521 3234 continerentur,
544 3160 772 3239 geometriam,
794 3156 959 3236 musicam,
980 3156 1071 3221 litte-

263 3288 375 3334 rarum
393 3269 621 3350 cognitionem,
644 3272 679 3337 dt
691 3276 871 3356 po'e'tarum,
892 3280 990 3355 atque
1001 3270 1070 3346 illa,

238 3412 240 3416 ·
266 3402 343 3468 quae
365 3384 405 3447 de
426 3384 548 3447 naturis
568 3403 706 3466 rerum,
738 3405 814 3469 qnae
827 3386 879 3450 'de
900 3373 1071 3461 hominum·
1139 3437 1141 3442 ,

266 3497 431 3573 moribus,
455 3516 527 3580 quae
540 3501 580 3564 de
594 3499 692 3564 rebus
707 3498 844 3582 publicis
860 3497 1069 3563 dicerentur:
1133 3585 1136 3590 Ι
1159 3481 1170 3494 Χ

258 3607 324 3703 sed
339 3611 515 3705 annulum,
536 3631 633 3701 quem
649 3611 960 3695 haberet,.palllum
970 3650 988 3695 ς
1002 3628 1081 3700 qua:

823 3724 921 3828 xp
972 3752 975 3757 ·
