2725 4350
352 519 442 639 26'
529 518 997 588 DEORATORE
1059 591 1064 602 ,
1130 563 1200 590 .·

355 693 495 773 ciosum,
535 715 633 779 quam
651 698 843 775 verborum,
883 695 935 762 vel
962 694 1159 780 optimorum

355 818 454 892 atque
469 807 756 889 ornatissimorum,
778 810 899 875 sonitus
916 807 1041 887 inanis,
1072 809 1159 874 nulla
1188 838 1192 844 ·

327 969 330 978 .
355 921 497 1005 subjesta
513 922 691 1000 sententia,
728 942 790 988 nec
803 920 961 990 scientia?
993 921 1159 1006 Quicquid

251 1027 253 1032 ’
356 1037 420 1102 erit
440 1036 541 1118 igitur
562 1051 755 1119 quacunque
774 1059 815 1102 ex
830 1044 920 1113 arte,
954 1017 1159 1119 quocumque

341 1151 397 1214 ¹de
417 1152 562 1231 genere‚'
581 1150 615 1216 id
629 1158 758 1228 orator,
787 1147 828 1227 fi,
852 1158 1009 1234 tanquam
1033 1148 1159 1214 clientia

317 1257 333 1282 ⁸
355 1262 498 1338 causam,
522 1261 687 1341 didicerit,
707 1266 793 1330 dicet
806 1263 924 1328 melius
940 1260 975 1327 δι
991 1262 1159 1339 ornatius,

340 1411 342 1416 ·
357 1391 457 1461 quam
471 1377 528 1442 ilie
541 1377 606 1460 ipse
621 1378 692 1461 ejus
707 1379 755 1442 rei
771 1378 940 1452 inventor,
963 1384 1067 1460 atque
1081 1376 1160 1442 arti·

296 1491 423 1567 -5asex.
468 1489 552 1555 Nam
572 1490 596 1554 fi
616 1491 689 1574 quis
705 1492 781 1569 erit,
815 1491 871 1574 qui
891 1492 953 1556 hoc
971 1490 1077 1568 dicat,
1098 1488 1159 1557 effe

357 1603 506 1687 quasdam
527 1613 694 1668 oratorum
716 1605 862 1689 proprias
879 1599 1077 1681 sententias,
1109 1613 1160 1668 at·

357 1738 421 1801 que
441 1716 570 1794 causas,
599 1717 822 1785 &certarum
846 1737 953 1784 rerum
980 1715 1160 1783 forensibus
1192 1776 1195 1781 .

358 1831 509 1896 cancellis
531 1830 804 1915 circumscriptam
827 1832 1012 1909 scientiam
1034 1831 1160 1901 fatebor

358 1945 510 2030 equidem
531 1946 567 2008 in
590 1945 641 2008 his
662 1947 765 2030 magis
786 1942 903 2011 assidue
926 1943 1046 2009 versari
1077 1945 1161 2009 hanc

358 2058 496 2125 nostram
509 2055 701 2122 distionem:
723 2059 775 2124 sed
788 2058 943 2125 tamenin
958 2058 1011 2123 his
1022 2056 1098 2143 ipsis¹
1109 2080 1161 2123 re·

359 2175 420 2242 bus
436 2174 596 2259 permulta
615 2172 709 2251 sunt,
740 2194 812 2260 quae
835 2171 886 2237 isti
913 2170 1075 2255 magistri,
1107 2174 1163 2260 qui

360 2289 512 2355 rhetorici
527 2294 700 2368 vocantur,
721 2308 782 2353 nec
797 2289 940 2364 tradunt,
961 2308 1023 2351 nec
1037 2294 1163 2352 tenent.

319 2416 352 2474 53
363 2403 447 2478 Quis
472 2402 558 2467 enim
589 2394 706 2480 nescit,
733 2404 907 2468 maximam
937 2402 1004 2467 vim
1028 2379 1163 2466 existere

310 2537 312 2542 ·
362 2516 497 2580 oratoris
512 2515 546 2578 in
559 2516 726 2579 hominum
747 2515 908 2580 mentibus
932 2516 983 2579 vel
1006 2516 1163 2592 aditam,

362 2637 420 2692 aut
439 2630 479 2690 ad
498 2628 624 2704 odium,
647 2636 704 2691 aut
725 2630 868 2694 dolorem
887 2627 1077 2705 incitandis,
1109 2628 1164 2694 vel

359 2739 399 2805 ab
414 2738 499 2803 hisce
514 2740 624 2806 iisdem
639 2744 894 2823 permotionibus
915 2744 955 2806 ad
970 2742 1142 2807 lenitatem
1151 2787 1163 2820 ,

359 2853 673 2937 miseritotdiamque
694 2855 906 2920 revocandis?
944 2874 1067 2940 quare,
1105 2852 1164 2918 nisr

230 3008 240 3015 -
338 2967 417 3054 .qui
432 2975 566 3033 naturas
586 2969 775 3047 hominum,
805 2970 935 3055 vimque
957 2990 1087 3033 omnem
1099 2971 1163 3032 hu·

360 3082 547 3159 inanitatis,
579 3083 757 3170 causasque
784 3104 857 3159 eas,
896 3084 1016 3165 quibus
1039 3092 1166 3148 mentes

208 3178 211 3197 ¹
301 3258 304 3275 ,
362 3204 422 3262 aut
446 3195 639 3271 incitantur,
677 3196 735 3263 aut
764 3195 992 3271 refleituntur,
1032 3197 1166 3281 penitus

361 3309 569 3396 perspexerit,
592 3311 744 3388 dicendo,
766 3314 851 3399 quud
867 3313 976 3388 volet,
1008 3308 1166 3393 perficere

322 3430 355 3517 ὅθί
363 3442 428 3486 non
439 3423 569 3506 poterit.
612 3424 714 3509 Atqui
734 3432 823 3489 totus
842 3424 895 3487 hic
918 3425 1010 3487 lucus
1026 3423 1168 3506 philoso-

177 3618 181 3633 .
244 3570 271 3579 ·=
362 3536 498 3617 phorum
512 3539 660 3620 proprius
677 3539 821 3604 videtur:
844 3557 949 3620 neque
962 3546 1088 3612 orator,
1112 3558 1166 3600 me

176 3640 179 3687 s
229 3660 240 3707 ·.
323 3690 331 3723 ;,
359 3646 508 3730 austure,
531 3670 686 3737 umquam
702 3650 910 3739 repugnabit:
932 3651 995 3731 sed,
1009 3671 1085 3715 curn
1100 3651 1165 3716 illis
