2725 4350
345 494 401 574 92„
509 441 981 563 nnonnnonn
1067 531 1072 547 ,

347 650 462 727 fidium
477 662 600 727 oratori
616 682 656 725 ex
680 661 745 724 illis
761 660 1044 743 disputationibus,
1076 652 1163 746 qul-r

349 777 413 844 bus
428 775 605 860 philosophi
621 783 772 849 utuntur,
804 775 843 837 ad
861 776 987 840 dicendi
1001 776 1147 859 copiam,

350 892 526 974 petendum
547 886 609 964 else
629 887 734 968 paullo
761 896 835 951 ante
861 888 1005 964 dicebas;
1036 887 1088 963 dt,
1123 886 1146 949 fi

285 1077 289 1088 ,
350 1004 411 1070 tibi
423 1021 480 1085 pro
497 997 532 1065 P.
549 1000 669 1073 Rutilio
687 1020 752 1063 non
765 1001 1022 1084 philosophorum
1039 1021 1148 1073 more,

345 1112 406 1182 'sed
422 1126 477 1178 tuo
494 1110 629 1184 licuisset
640 1112 771 1178 dicere?
794 1116 938 1198 quamvis
949 1107 1090 1179 scelerati
1104 1114 1150 1176 illi

344 1226 495 1300 ¹fuissent,
517 1224 611 1289 ficutl
625 1228 772 1304 suerunt,
798 1226 936 1309 pestifcri
954 1228 1055 1303 cives,
1077 1228 1151 1309 sup·-

352 1340 512 1425 plicioque
537 1338 642 1420 digni;
671 1346 781 1402 tamen
805 1359 931 1403 omnem
950 1359 1063 1404 eorum
1089 1342 1152 1421 inis

353 1454 584 1537 portunitatem
608 1471 648 1514 ex
669 1450 790 1515 intimis
813 1453 975 1516 mentibus
995 1452 1153 1518 evellisset

355 1568 406 1631 vis
420 1564 574 1629 orationis
592 1571 678 1626 tuae:
700 1583 785 1626 nunc
800 1563 872 1627 talis
886 1564 934 1629 vir
947 1562 1153 1643 amissusest,

356 1683 435 1754 dum
450 1677 540 1740 causa
555 1676 600 1738 ita
615 1676 749 1758 dicitur,
770 1685 808 1741 ut
827 1674 851 1739 si
869 1678 902 1740 in
919 1677 975 1741 illa
987 1697 1154 1741 commen„

354 1789 433 1853 ticia
450 1789 593 1853 Platonis
605 1775 741 1864 ,civitate
761 1802 811 1855 res
834 1800 994 1872 ageretur·
1046 1790 1153 1855 Nemo

344 1902 528 1984 ¹ingemuit,
550 1898 644 1966 nemo
658 1889 842 1968 inclamavit
855 1913 1081 1986 patronorum,
1104 1905 1153 1970 ni·-

357 2016 404 2080 hil
422 2016 574 2099 cuiquam
589 2015 711 2093 doluit,
740 2036 834 2080 nemo
857 2016 902 2079 est
921 2017 1069 2099 questus,
1097 2036 1154 2081 ne-

359 2151 414 2195 mo
428 2130 658 2213 rempublicam
671 2129 867 2212 imploravit,
890 2150 983 2194 nemo
998 2131 1155 2214 supplica-

358 2245 418 2309 vit.
463 2243 551 2318 Quid
568 2241 697 2307 multa?
719 2246 832 2326 pedem
854 2265 949 2307 nemo
971 2245 1005 2308 in
1030 2245 1086 2308 illo
1101 2245 1154 2326 ju-

285 2395 287 2402 ι
359 2356 444 2422 dicio
460 2349 761 2439 supplosit',.credo,
791 2378 833 2420 ne
854 2355 970 2420 Stoicis
990 2360 1157 2422 renuntia-

286 2479 351 2564 54
363 2480 463 2534 retur.
508 2470 656 2532 Imitatus
680 2468 725 2531 est
745 2471 841 2555 homo
854 2470 1016 2547 Romanus
1029 2469 1063 2533 on
1078 2491 1157 2533 con-

294 2571 344 2632 ²3¹
362 2583 473 2647 sularis
490 2591 630 2645 vetarem
647 2583 738 2646 illum
753 2581 934 2657 Socratem,
958 2582 1030 2661 qui,
1053 2601 1158 2662 quum

362 2696 506 2758 omnium
528 2694 765 2776 sapientissimus
791 2695 885 2770 esset,
908 2691 1159 2776 santiissimeque

255 2864 257 2867 ,
361 2804 502 2881 vixisset,
526 2806 571 2869 ita
582 2805 745 2884 injudicio
756 2808 865 2889 capitis
875 2827 930 2889 pro
944 2807 974 2869 se
989 2807 1052 2888 ipse
1066 2809 1160 2886 dixit,

362 2929 477 2992 utnon
492 2916 638 3000 supplex,
662 2929 718 2982 aut
733 2939 826 2994 reue,
851 2920 1078 3009 sedpmagister,
1102 2930 1161 2986 aut

363 3033 513 3096 dominus
528 3034 690 3098 videretur
698 3031 758 3098 esse
775 3033 927 3114 judicum.
952 3033 1162 3112 Quinetiam,

364 3167 464 3229 quum
499 3148 529 3210 ei
561 3146 708 3228 scriptam
738 3147 916 3210 orationem
946 3146 1162 3211 disertissimus

364 3269 473 3324 orator
496 3257 606 3340 Lysias
623 3257 790 3333 attulisset,
814 3280 929 3341 quam,
947 3258 969 3322 fi
985 3262 1014 3323 ei
1036 3263 1163 3339 videre·

363 3382 436 3448 tur,
458 3367 629 3446 edisceret,
660 3382 699 3436 ut
723 3391 761 3437 ea
781 3393 837 3454 pro
859 3373 888 3436 se
907 3373 1070 3455 injudicio
1089 3384 1164 3439 ute-

364 3496 473 3559 retur,
496 3498 561 3548 non
583 3484 703 3547 invitus
730 3486 822 3565 legit,
856 3484 1071 3549 &commode
1089 3488 1167 3550 scri-

304 3607 330 3622 ’·
363 3607 452 3677 ptam
472 3596 534 3660 ess'e
552 3598 647 3659 dixit:
672 3597 733 3675 sed,
756 3599 874 3681 inquit,
898 3608 945 3674 ut,
968 3596 1080 3659 similis
1100 3602 1170 3664 eal·
