2725 4350
318 514 401 581 ω
522 510 593 579 on
616 465 995 586 inunumoun

354 706 433 775 pere
450 705 506 753 eas
526 686 784 769 requireremus,
808 695 848 750 ut
870 688 978 752 erbis
999 688 1162 774 scriptoris

275 846 278 852 -
356 804 507 869 voluntas
525 799 786 881 cognosceretur3
816 819 875 863 nec
895 810 1003 865 tamen
1025 804 1161 885 Epami·

355 919 473 981 nondae
495 914 773 997 permitteremus,
797 936 838 977 ne
857 912 986 978 fiextra
998 913 1163 998 judicium

355 1031 485 1115 quidem
499 1024 586 1103 esset,
608 1034 644 1089 ut
656 1027 685 1088 is
700 1028 792 1091 nobis
803 1027 996 1106 ,sententiam
1014 1028 1094 1111 legis
1103 1031 1161 1111 in·

354 1150 603 1225 terpretaretur,
626 1141 747 1203 nedum
767 1160 854 1203 nuno
871 1139 968 1206 Istum
986 1142 1161 1225 patiamur,

355 1275 428 1321 eum
448 1254 561 1337 praesto
582 1254 635 1318 lex
658 1252 712 1330 fit,
736 1274 801 1317 non
818 1273 858 1316 ex
878 1274 939 1333 eo,
961 1260 1048 1337 quod
1066 1275 1160 1340 aper.

354 1363 469 1433 tiffime
489 1368 641 1449 scrIptum
662 1367 727 1443 est,
758 1367 810 1431 sed
832 1387 871 1431 ex
896 1388 957 1452 eo,
988 1372 1074 1451 quod
1095 1370 1159 1434 suae

353 1484 456 1550 causae
476 1482 644 1557 convenit,
666 1480 1039 1563 scriptorisuoluntatem
1055 1484 1156 1549 iuter·

352 1596 484 1681 pretori.
529 1596 628 1669 Quod
647 1591 672 1656 fi
689 1614 770 1670 vos,
791 1593 934 1676 jndices,
956 1594 1083 1677 legibus
1099 1598 1157 1661 ob·

351 1719 532 1792 temperare
546 1709 688 1783 debetis,
712 1706 744 1771 δι
761 1709 793 1769 id
812 1708 918 1772 facere
932 1729 996 1771 non
1013 1710 1155 1792 potestis,

249 1824 251 1828 ’
351 1820 426 1900 nifi,
458 1824 551 1905 qnodx
566 1821 719 1903 scriptum
737 1819 782 1882 est
799 1821 834 1886 in
856 1821 946 1903 lege,
970 1823 1158 1908 sequamini,

238 1928 240 1930 ’
350 1930 428 2016 qnid
444 1936 547 1998 causae
568 1934 626 2010 est,
650 1934 728 2015 quin
745 1933 840 2000 istum
857 1943 974 2000 contra.
983 1937 1089 2025 legem
1106 1941 1156 2005 fe·

292 2063 340 2121 .71
351 2048 424 2114 cisse
436 2046 606 2131 judicetis?
636 2046 849 2111 Assumtionis
869 2057 977 2112 autem
994 2053 1156 2131 approba·

349 2163 439 2229 tione
456 2162 633 2248 praeterita,
663 2163 896 2245 quadripertita
914 2158 956 2223 fic
978 2159 1035 2225 fiet
1055 2181 1155 2247 argu.

348 2282 527 2349 mentatioz
557 2276 624 2351 Qui
645 2276 862 2358 saepenumero
888 2296 946 2339 nos
968 2295 1025 2358 per
1049 2274 1152 2361 fidem

257 2474 259 2481 y
346 2393 539 2468 fefellerunt,
562 2410 674 2454 eorum
689 2391 826 2453 orationi
841 2388 940 2452 fidem
952 2391 1070 2455 habere
1082 2410 1151 2455 non

347 2507 511 2569 debemur.
556 2501 589 2565 Si
605 2506 683 2584 quid
694 2505 777 2566 enirn
796 2502 931 2586 pertidia
944 2504 1075 2567 illorum
1091 2506 1148 2567 de·

344 2618 489 2681 trimenti
499 2612 729 2698 receperimus,
751 2637 846 2679 nemo
856 2617 929 2692 erit,
952 2615 1147 2698 praeternos·

344 2730 511 2810 metipsos,
535 2749 635 2810 quem
649 2729 722 2810 jure
735 2730 881 2792 accusare
896 2728 1059 2812 poffimus.
1087 2729 1147 2793 ·Ao

341 2843 446 2927 primo
458 2814 593 2923 Tquidem
613 2845 716 2926 decipi
736 2844 979 2908 incommodum
1001 2843 1064 2909 est:
1084 2843 1147 2910 ite-

341 2975 426 3030 rum,
450 2955 595 3020 stultum:
618 2959 727 3033 tertio,
749 2970 856 3040 turpe.
902 2934 1148 3039 Carthaginien·

338 3070 387 3132 ses
400 3081 509 3132 autem
522 3073 659 3154 persaepe
673 3071 737 3151 jam
752 3091 812 3134 nos
830 3073 1023 3135 fefellerunt.
1049 3067 1146 3135 Suro·
1176 3072 1178 3081 ’

339 3201 393 3246 ma
408 3183 507 3263 igitur
520 3189 663 3248 amentia
675 3184 719 3247 est
731 3185 765 3247 in
781 3205 893 3248 eorum
908 3183 972 3248 fide
986 3185 1072 3268 spem
1084 3187 1143 3249 hu·

336 3295 436 3369 bere,
470 3316 607 3378 quorum
629 3297 764 3380 perfidia
788 3300 885 3363 toties
907 3302 1062 3378 deceptus
1088 3297 1141 3363 fis.

289 3425 325 3487 72
335 3409 479 3492 Utraque
494 3415 724 3495 approbatione
738 3413 902 3495 praeterita
917 3411 1076 3493 tripertita
1091 3409 1141 3486 fit,

332 3523 395 3587 hoc
415 3525 533 3609 patio:
564 3528 632 3588 Aut
656 3534 837 3589 metuamus
864 3523 1141 3608 Carthaginienses

332 3649 479 3724 oportet,
501 3635 526 3702 fl
545 3638 724 3705 incolumes
739 3659 796 3705 eoo
810 3639 1058 3724 reliquerimus,
1081 3644 1139 3704 aut
