2725 4350
361 525 429 589 nro
520 497 999 580 ,DE21NVENT10NE

364 675 399 743 dt
418 676 502 761 apud
518 694 601 759 quoe
611 720 622 753 ,
645 673 680 739 dr
695 696 714 739 a
732 679 848 758 quibua
866 679 1021 743 educatus
1038 677 1072 745 dr
1090 702 1166 745 eru·

363 792 448 856 ditus
461 787 509 867 iit,
532 790 697 872 quaeritur,
720 789 754 854 dt
772 789 958 874 quibuscum
973 793 1076 870 vivat,
1089 756 1165 876 xqua

325 957 327 963 .
362 905 488 974 ratione
519 904 614 980 vitae,
645 923 712 985 quo
744 923 833 968 more
863 904 1033 969 domestico
1063 906 1165 973 vivat.

313 1032 352 1089 30
362 1018 406 1081 Et
429 1038 469 1081 ex
490 1016 725 1099 fortunasaepe
749 1019 983 1099 argumentatio
1005 1000 1163 1099 nascitur,

204 1167 246 1223 .'
304 1153 307 1158 ·
362 1152 437 1196 cum
453 1130 558 1196 servus
574 1149 616 1193 an
634 1125 733 1208 liber,
754 1112 947 1213 pecuniosus
967 1151 1008 1195 an
1029 1151 1162 1217 pauper,

320 1259 325 1272 ·
357 1246 475 1322 nobilia
490 1243 705 1325 anignobilis,
727 1243 803 1308 felix
817 1262 859 1307 an
871 1242 996 1323 infelix,
1017 1246 1162 1329 privatus

333 1343 402 1423 ‘an
424 1358 459 1421 in
479 1356 642 1440 potestate.
655 1354 712 1436 fit,
735 1365 793 1420 aut
810 1357 925 1436 fuerit,
954 1364 1014 1422 aut
1028 1360 1161 1425 iuturus

332 1459 334 1463 ’
358 1468 414 1552 fit,
431 1467 665 1535 confideraturt
689 1478 746 1532 aut
762 1471 900 1552 denique
915 1471 1035 1555 aliquid
1048 1493 1160 1537 eorum

359 1587 530 1670 quaeritur,
553 1602 627 1666 qum
648 1584 786 1646 fortunae
806 1582 868 1648 effe
885 1585 1040 1650 attributa
1062 1585 1159 1648 intel·

355 1698 513 1781 liguntur.
559 1696 709 1760 Habitus'
720 1703 853 1772 autem,
877 1676 1029 1779 quoniam
1047 1697 1080 1761 in
1098 1698 1158 1762 ali·

186 1800 194 1841 ·’
254 1852 256 1854 -
332 1790 334 1795 ¹
357 1830 421 1899 qua
434 1808 575 1895 perfetta
594 1808 800 1896 &constanti
823 1811 923 1873 animi
939 1820 996 1874 aut
1013 1813 1158 1895 corporis

355 1924 551 2023 absolutipne
577 1901 731 1998 conlidit,
753 1906 874 2005 quoin
890 1943 1008 2005 genere
1029 1924 1074 1988 est
1091 1925 1158 1989 vir·

356 2046 421 2131 tus,
436 2030 575 2121 scientia,
590 2036 624 2100 δι
640 2055 714 2119 quae
731 2036 890 2100 contraria
902 2036 990 2114 sunt;
1013 2056 1065 2111 res
1079 2038 1157 2121 ipsa,

337 2130 447 2221 *cansa
461 2150 576 2236 polita,
601 2150 742 2226 docebit,
765 2150 879 2232 ecquid
895 2149 947 2212 hic
962 2168 1090 2232 quoqne
1107 2153 1156 2216 lo·

353 2290 412 2334 cus
424 2265 604 2351 suspicionis
617 2264 771 2329 ostendat.
797 2265 879 2327 Nam
892 2259 1070 2329 affeiiionis
1085 2268 1158 2349 qui·

355 2386 429 2449 dem
457 2382 538 2444 ratio
567 2379 764 2462 perspicuam
788 2377 866 2441 solet
894 2396 959 2460 prae
984 2377 1014 2442 se
1041 2399 1154 2463 gerere

283 2540 285 2544 -
354 2493 588 2578 conietturam‚
611 2503 765 2566 utamur,
787 2491 968 2570 iracundia,
990 2491 1169 2565 molestior„

352 2588 521 2696 propterea
546 2609 629 2686 quod
655 2604 688 2667 dt
709 2604 850 2686 ipsorum
874 2605 921 2669 vis
946 2604 1151 2689 intelligitur,

354 2721 388 2787 dc
412 2740 484 2803 quae
504 2740 555 2782 res
573 2719 688 2782 harum
703 2720 844 2799 aliquam
866 2736 934 2781 rem
957 2698 1152 2801 cdnsequan·

199 2812 202 2816 Ι
269 2812 271 2816 ’
307 2856 342 2915 31
353 2845 429 2912 tur,
451 2833 561 2898 facilen
584 2831 714 2911 cognitu
737 2831 818 2895 sunt.
868 2819 1017 2895 Studium
1040 2840 1157 2910 autem,

237 2982 240 2987 ·
331 2934 336 2942 Ἦ
352 2948 504 3036 quoniam
521 2946 565 3010 est
583 2943 700 3009 allidua
713 2944 746 3009 dt
766 2946 935 3009 vehemens
952 2946 992 3008 ad
1009 2947 1151 3028 aliquam

352 3082 422 3130 rem
436 3064 593 3145 applicata
609 3075 726 3140 magna
740 3078 815 3124 curn
834 3061 999 3147 voluntate
1012 3035 1151 3142 occupa-

349 3180 408 3253 tio,
426 3177 574 3263 ¹facileex
589 3176 774 3236 ecducetur
786 3172 1034 3255 argumentatio,
1049 3191 1150 3255 quam

351 3312 403 3357 res
417 3291 480 3373 ipsa
493 3285 681 3359 desiderabit
695 3287 729 3349 in
746 3287 823 3349 caus
841 3330 850 3349 .
895 3286 978 3349 ltem
991 3305 1031 3346 ex
1048 3284 1149 3348 conli-

348 3407 393 3470 lio
410 3401 690 3485 sumetur-ailquid
711 3399 902 3482 suspicionis.
945 3397 1027 3460 Nam
1048 3395 1149 3460 confi·

345 3519 426 3583 ilum
443 3514 505 3591 est,
529 3515 649 3595 aliquid
670 3514 806 3576 faciendi
818 3532 882 3574 noo
895 3489 1150 3591 iaciendivesex·

280 3660 289 3679 =
317 3662 319 3665 ·
346 3634 488 3715 cogitata
504 3629 598 3694 ratio.
642 3628 714 3701 Jam
727 3622 824 3704 latta,
846 3623 1001 3720 depensos,
1024 3625 1057 3691 δι
1074 3645 1149 3690 ora·
