2725 4350
197 463 204 482 '
336 495 963 612 nnnnourrouu
1097 564 1102 569 .

337 676 472 741 alendus
488 673 550 740 effe
561 674 718 741 videatur.
741 672 866 742 Verum
875 681 924 755 te,
941 679 1067 758 Caesar,
1084 687 1147 746 tin·

337 790 477 867 diunius,
498 795 536 853 ut
546 784 586 851 ad
596 787 730 852 Antonii
741 789 867 873 relique
880 794 1068 864 redeamus.
1096 798 1137 860 Et

336 903 510 977 Antonius,
528 900 689 982 Perpenna
699 902 830 984 quidem
843 904 1069 986 mihirestunt,
1090 910 1147 974 in-=

336 1017 431 1100 quit:
461 1014 515 1078 sed
533 1020 640 1079 tamen
664 1014 799 1082 defessus
816 1016 885 1103 jam
905 1018 1018 1085 lubere
1040 1025 1138 1104 atque

334 1131 451 1195 itinere
472 1111 714 1213 disputationis,
736 1129 928 1213 requiescam
949 1132 986 1198 in
1004 1132 1137 1199 Caeiarir

334 1244 498 1319 sermone,
527 1239 614 1324 qnnsr
634 1241 668 1305 in
689 1242 797 1326 aliquo
822 1255 1066 1329 peropportuno
1090 1249 1136 1313 di.

178 1347 180 1354 ’
268 1347 322 1441 58
337 1356 485 1422 versutio.
529 1354 652 1436 Atqui,
681 1354 786 1437 inquit
804 1356 929 1436 Julius,
950 1378 1019 1423 non
1039 1359 1135 1425 nimir

332 1465 653 1557 liberale'hoipitium
675 1487 786 1532 meum
805 1469 903 1535 dices.
938 1470 1034 1536 Nam·
1044 1480 1081 1539 te
1101 1474 1134 1539 iu

334 1587 438 1659 viam,
460 1578 589 1648 simulac
600 1580 840 1675 pe'rpeullu'lurn
853 1583 1000 1668 quitatis,
1018 1593 1135 1652 extru-

334 1693 455 1763 dan'r‘&
469 1693 609 1776 ejiciam.
699 1696 702 1702 '
1137 1727 1140 1732 .

263 1826 316 1891 ης
398 1811 469 1888 Ac,
498 1827 540 1872 ne
560 1805 686 1872 diutius
706 1826 763 1872 vor
785 1806 950 1882 demorer,
979 1808 1023 1874 de
1044 1812 1131 1876 omni

330 1922 389 1988 isto
405 1914 549 2006 genere,
561 1920 639 2003 quid
652 1917 799 1998 sentiam,
820 1920 1017 2004 perbreviter
1033 1943 1135 2009 expo·

330 2028 417 2101 narn.
461 2034 512 2100 De
529 2035 592 2098 risu
607 2034 752 2116 quinque
772 2032 862 2111 sunt,
890 2051 962 2116 qnae
983 2054 1131 2117 quaernn·

329 2158 400 2228 tnr3
423 2144 700 2230 nnum,quids1t:
725 2144 872 2220 alterum,
888 2149 972 2211 uude
984 2145 1042 2214 fit:
1067 2158 1129 2218 ter-

327 2266 431 2340 tium,
463 2261 541 2326 sitne
567 2261 723 2336 oratoris,
752 2260 833 2323 veile
854 2258 949 2324 risum
975 2281 1126 2344 movere:

325 2387 493 2460 quartum,
518 2382 695 2455 quatenus:
719 2373 893 2455 quintum„
908 2392 981 2456 quae
996 2373 1059 2438 fint
1072 2399 1127 2460 ge·

327 2509 405 2553 nera
418 2488 556 2553 ridiculi.
601 2487 709 2567 Atque
726 2486 803 2548 illud
821 2487 975 2567 primum,
999 2491 1079 2571 quid
1092 2489 1129 2554 fit

325 2603 391 2686 ipse
404 2601 495 2675 risus,
510 2620 572 2682 quo
588 2596 680 2680 patto
695 2599 885 2675 concitetur,
907 2598 1023 2677 ubisit,
1048 2624 1126 2687 quo·
1153 2678 1157 2685 Ι

325 2719 422 2780 modo
433 2711 572 2789 exsistat,
595 2716 690 2793 atque
704 2712 749 2773 ita
763 2720 893 2794 repente
907 2725 1068 2797 erumpat,
1093 2725 1128 2781 ut

225 2836 231 2847 ‘
323 2849 399 2892 eum
416 2827 581 2909 cupienter,
600 2832 726 2899 tenere,
749 2843 965 2906 nequeamus,
988 2825 1023 2890 δι
1047 2849 1130 2912 quo.

324 2942 419 3004 modo
435 2937 528 3001 fimul
542 2939 662 3014 latera,
684 2957 733 3013 os,
755 2954 864 3012 venas,
887 2940 1024 3012 vultum,
1050 2964 1128 3007 ocu-

323 3055 372 3118 los
388 3059 533 3135 occupet,
548 3049 663 3114 viderit
671 3050 887 3115 Democritus.
918 3072 1024 3134 neque
1040 3057 1146 3145 enim,

321 3169 361 3231 ad
378 3167 462 3229 hunc
479 3165 652 3255 sermonem
670 3163 733 3226 hoc
752 3164 909 3244 pertinet,
932 3163 986 3240 ὅτ,
1010 3164 1034 3228 fi
1054 3190 1128 3251 per.

320 3281 457 3355 tineret,
488 3277 605 3340 nescire
623 3297 674 3339 me
697 3284 805 3336 tamen
827 3276 860 3338 id
885 3296 948 3338 non
972 3281 1126 3362 puderet,

320 3395 406 3472 quod
421 3413 461 3455 ne
479 3387 535 3472 ipsr
550 3390 680 3469 quidem
698 3388 744 3458 illi
762 3390 891 3465 scirent,
916 3391 973 3469 qui
989 3396 1128 3472 pollice.

176 3564 178 3569 .
248 3514 301 3578 236
320 3513 442 3566 rentur.
487 3503 593 3566 Locus
610 3509 735 3577 autern,
759 3501 792 3564 ἂ
816 3501 1017 3583 regio‘quafi
1046 3511 1129 3573 ridi.

317 3616 384 3682 culi
401 3615 493 3699 (uam
514 3617 546 3681 id
564 3615 708 3701 proxime
724 3615 896 3699 quaeritur)
915 3619 1126 3699 turpitudine
