2725 4350
352 521 415 597 163
515 512 983 588 Duounrouu
1039 507 1047 603 '¹

284 684 340 762 (22
353 694 501 778 Namque
514 711 591 775 ego,
615 669 746 768 cature,
769 689 891 773 (dirum
911 691 1001 756 euim
1019 712 1087 759 non
1106 701 1158 759 rei

351 826 468 878 vereor
479 804 653 906 od'entrndi
663 804 901 910 suspicionem,)
913 804 1083 872 neminem
1099 807 1158 873 effe

271 917 273 926 '
354 929 516 987 oratorem
531 918 639 1004 paullo
650 916 853 981 illustriorem
868 918 1027 996 arbitror,
1053 941 1160 1004 neque

356 1035 520 1111 Graeeurn,
541 1051 647 1114 neque
660 1029 823 1108 Latinum,
845 1042 1042 1114 quemaetas
1057 1032 1159 1097 nostro

333 1131 336 1139 ’
355 1126 488 1226 tulerit,
509 1163 606 1229 quem
623 1164 688 1208 non
704 1142 739 1209 dc
755 1141 847 1227 saepe,
870 1142 905 1208 dr
919 1144 1158 1227 diligenterou·

359 1260 485 1326 dietim.
529 1258 664 1342 Itaque,
686 1254 711 1321 sr
730 1255 809 1341 quid
835 1256 879 1321 eu
896 1257 931 1320 in
950 1279 1024 1335 rne,
1054 1256 1157 1342 (quod

356 1371 566 1457 juniperum
590 1370 723 1454 uideor,
753 1369 905 1452 quoniam
929 1371 1065 1453 quidem
1088 1391 1157 1447 vos,

360 1484 412 1552 hin
427 1483 564 1567 ingeniis
579 1483 739 1560 homines,
763 1489 891 1545 tanturn
906 1502 1013 1566 operae
1029 1483 1110 1549 mihi
1121 1483 1158 1547 od

360 1597 555 1663 audiendum
568 1595 682 1680 datin)
697 1615 738 1660 ex
752 1615 791 1659 eo
804 1594 860 1672 est,
882 1598 969 1678 quod
982 1596 1068 1661 nihil
1080 1595 1158 1681 quii-

361 1729 459 1793 quum
473 1727 617 1791 unquam
628 1728 680 1772 nre
693 1707 843 1773 audiente
852 1707 917 1790 egit
929 1715 1052 1787 orator,
1075 1708 1157 1794 quod

360 1842 427 1888 uon
444 1821 478 1885 in
496 1822 652 1885 memorio
669 1839 742 1886 meo
759 1820 888 1904 ponitur
903 1820 1067 1887 insederit.
1100 1822 1156 1886 At-

361 1955 425 2021 que
439 1955 500 2018 ego
515 1935 556 2012 ir,
576 1934 633 2017 qui
644 1934 722 2012 surn,
744 1932 1107 2017 quantuscunquetsuur
1119 1934 1154 1998 ud

359 2048 577 2135 judicandum,
599 2048 747 2112 omnibus
760 2046 879 2110 auditis
893 2047 1090 2125 oratoribus,
1099 2044 1159 2111 fine

245 2206 252 2213 -
363 2163 431 2229 ulla
453 2160 653 2227 dubitatione
670 2158 713 2224 fio
733 2158 836 2225 statuo
857 2159 891 2225 dr
908 2160 1035 2241 judico,
1060 2159 1158 2227 nerui·

362 2296 447 2349 nem,
460 2274 605 2340 omnium
623 2282 673 2337 tot
694 2273 729 2339 dr
749 2281 855 2350 tauta,
889 2282 1008 2357 quantu
1029 2274 1105 2339 sunt
1128 2275 1158 2338 iu

299 2404 349 2462 123
364 2388 481 2466 Crasso,
499 2386 644 2452 hubuiffe
657 2394 843 2451 ornamento
856 2387 992 2451 dicendi.
1038 2387 1160 2464 Quam-

363 2504 474 2568 obrem
497 2498 521 2563 fi
545 2514 602 2566 vos
626 2519 752 2584 qnoque
769 2499 831 2564 hoc
850 2500 937 2563 idern
955 2499 1161 2577 existimatis,

361 2615 517 2689 nouerit,
539 2620 578 2676 ut
593 2614 717 2695 opinor,
738 2613 848 2695 iniqua
862 2612 1002 2695 partitio,
1025 2611 1068 2692 fi,
1091 2633 1163 2679 curn

361 2747 423 2809 ego
444 2726 529 2789 hune
550 2732 731 2801 oratorem,
760 2744 856 2808 quem
879 2746 966 2789 nuuc
987 2725 1099 2809 fingo,
1127 2737 1164 2790 ut

359 2837 495 2914 institui,
517 2857 638 2914 creato,
660 2839 782 2915 aluero,
806 2837 1014 2915 confirmar03
1037 2843 1165 2904 tradam

338 3002 340 3006 -
361 2972 437 3018 eum
452 2950 575 3028 Cruiio,
598 2949 633 3015 dr
648 2949 861 3027 vestiendum,
885 2950 918 3016 dr
938 2953 1136 3018 ornandum.

297 3085 351 3148 124
428 3064 514 3129 Tum
527 3062 668 3129 Crassus:
692 3063 746 3129 Tu
760 3083 855 3139 vero,
877 3064 1001 3147 inquit,
1026 3066 1166 3142 Antoni,

361 3198 480 3264 perge,
502 3184 539 3242 ut
555 3175 724 3241 instituisti.
769 3174 882 3259 Neque
903 3163 989 3241 euim
1008 3176 1053 3240 est
1074 3179 1166 3256 boni,

361 3312 468 3375 neque
480 3290 620 3356 liberulis
634 3289 792 3373 parentis,
815 3307 909 3373 quern
931 3291 1169 3373 procrearit&

363 3405 534 3480 eduxerit,
563 3421 640 3467 enm
662 3422 727 3466 non
751 3400 786 3466 dr
808 3402 942 3478 vestire,
965 3400 1000 3465 dr
1023 3422 1166 3481 ornare3

362 3517 535 3599 praesertim
548 3535 624 3579 cum
634 3523 669 3579 te
680 3516 876 3596 locupletem
890 3514 951 3579 effe
964 3535 1086 3596 negare
1101 3537 1168 3585 nou

361 3626 468 3714 podir.
514 3630 610 3710 Quod
627 3630 714 3696 enirn
735 3636 977 3711 ornamentum,
1000 3647 1077 3712 quoe
1107 3631 1166 3708 vis,
