2725 4350
268 512 275 516 '
370 497 435 583 176
533 499 1073 579 DEINVENTIONE.

367 680 438 754 lum
456 678 656 761 scriptorem,
678 676 832 763 fiscripts
847 681 901 745 sua
918 682 1018 746 stultis
1030 683 1171 750 homini·

369 794 441 871 bus,
455 792 489 857 <ir
499 781 1041 876 barbarisjudicibuscommitteret,
1059 801 1169 864 omnia

227 988 231 1002 1
366 903 671 986 summ2·diligentia
686 904 932 989 perscripturum
945 910 1055 974 fuisse:
1079 932 1168 976 nunc

266 1053 270 1063 ,
366 1038 463 1096 vero,
491 1019 577 1102 quod
595 1018 804 1101 intelligeret,
828 1023 941 1104 quales
959 1023 1020 1086 viri
1041 1022 1167 1105 judica·

338 1113 430 1197 'turl
447 1128 561 1209 essent,
583 1132 703 1195 idcirco
725 1137 819 1209 euru,
842 1153 915 1217 quae
934 1133 1095 1217 perspicue
1114 1139 1166 1201 vi·
1189 1121 1194 1132 ’

346 1243 458 1310 ,deret
472 1242 551 1322 effe,
572 1264 639 1309 nou
656 1242 862 1328 adscriptiffe:
885 1250 1087 1328 nequeenim
1104 1272 1162 1315 vos

326 1382 329 1391 ¹
362 1355 470 1443 scripti
482 1358 742 1441 suirecitutores,
751 1358 802 1422 sed
814 1360 989 1424 voluntatis
1004 1362 1163 1445 interpre-

294 1478 347 1543 140
362 1478 418 1559 tes
428 1472 500 1536 sore
513 1471 656 1553 putavit:
678 1470 784 1552 postea
800 1490 944 1553 quaerere
959 1474 998 1535 ab
1014 1475 1161 1540 adversa·

221 1562 228 1584 ¹
361 1584 420 1659 riis
429 1629 440 1662 ,
463 1583 540 1667 quid
556 1581 579 1647 fi
593 1582 655 1646 hoc
671 1582 843 1648 fecissem?
869 1583 980 1667 quidfi
996 1584 1056 1647 hoc
1074 1589 1161 1650 acci·

359 1696 477 1763 disset?
499 1715 611 1760 eorum
628 1696 770 1779 aliquid,
792 1696 972 1779 inquibus,
993 1705 1051 1759 aut
1065 1699 1158 1762 cause

360 1808 400 1875 fit
421 1805 661 1887 honestiffirua‚·
679 1817 736 1875 aut
755 1806 948 1873 necessitudo
968 1808 1155 1889 certisfima;

358 1930 471 1994 tumne
488 1910 702 1986 accussretis‘s
730 1922 832 2003 Atqui
853 1922 914 1986 hoc
930 1924 983 1987 lex
999 1924 1156 2007 nusquam

348 2036 495 2125 excepit.
523 2034 597 2099 Nun
616 2054 692 2117 ergo
713 2035 821 2098 omnia
835 2034 972 2121 scriptis,
997 2036 1048 2100 sed
1066 2056 1155 2117 quac·

357 2150 450 2231 (lum,
474 2167 547 2232 quae
562 2148 723 2232 perspicua
737 2146 814 2226 fist,
836 2150 942 2214 tacitis
956 2151 1154 2233 exceptioni-

292 2319 296 2332 .
355 2262 418 2331 bus
438 2263 564 2330 caverit
586 2262 839 2327 deiudeuullam
860 2283 928 2328 rem
948 2284 1054 2347 neque
1072 2264 1153 2344 legi·

354 2377 429 2454 bus,
451 2397 555 2459 neque
569 2375 721 2458 scriptura
735 2377 812 2451 ulls,
835 2378 971 2460 denique
984 2386 1026 2440 'ne
1039 2379 1072 2438 in
1088 2376 1151 2439 ser·

260 2555 265 2574 ,
353 2507 451 2554 moue
468 2490 596 2570 quidem
617 2490 803 2570 quotidiano
819 2499 914 2571 atque
936 2489 1075 2569 imperiis
1090 2491 1151 2548 do-

351 2581 489 2663 ruesticis
503 2598 590 2663 reste
604 2597 691 2681 posse
707 2599 927 2672 administrari,
949 2597 1151 2678 fiunulquis·

352 2729 419 2794 que
439 2711 518 2775 velit
538 2712 633 2776 verba
655 2708 810 2791 spes'tare,
833 2707 867 2772 δι
888 2730 951 2774 uon
969 2712 1009 2772 ad
1030 2712 1149 2773 volun.

189 2824 194 2831 '
297 2829 300 2835 '
350 2828 452 2886 tatem
472 2821 560 2905 ejus,
587 2821 644 2905 qui
665 2821 764 2885 verba
781 2821 946 2898 habuerit,
974 2826 1146 2889 accedere:

280 2922 467 3044 ''48deiude
498 2956 539 3001 ex
565 2935 716 3000 utilitatis
744 2933 786 2999 δι·
804 2935 975 3001 honestatis
1003 2937 1146 3019 partibus

285 3054 335 3114 ¹41
350 3048 530 3126 ostendere,
551 3067 649 3132 quam
661 3048 774 3113 inutile
783 3095 794 3129 ,
815 3059 874 3131 aut
890 3069 988 3132 quam
1005 3059 1097 3130 turpe
1109 3048 1147 3112 fit

349 3161 404 3240 id,
434 3163 521 3245 quod
543 3161 711 3226 adversarii
736 3163 843 3226 dicant
863 3161 933 3226 fieri
954 3162 1145 3248 oportuisse,

350 3282 410 3350 aut
423 3283 588 3359 oportere:
610 3275 645 3338 sir
658 3275 703 3352 id,
726 3277 813 3357 quod
828 3291 886 3341 nos
901 3278 1073 3341 fecerimus
1088 3281 1145 3338 aut

348 3388 554 3474 postulemus,
575 3407 671 3472 quam
685 3387 779 3467 utile,
797 3398 854 3453 aut
869 3409 962 3472 quam
978 3388 1144 3453 honestum

290 3492 293 3501 ’
348 3499 408 3564 fitz
430 3501 639 3581 deiudelegcs
653 3501 745 3566 nobis
762 3521 850 3565 caras
865 3501 927 3565 ess'e
937 3522 1001 3564 non
1016 3510 1145 3583 propter

348 3599 473 3688 litteras
487 3657 499 3694 ,
511 3678 516 3687 ,
530 3631 602 3698 quae
621 3623 736 3680 tenues
757 3613 792 3681 &
816 3615 955 3682 obscurae
976 3625 1061 3678 notae
1083 3612 1145 3678 siut

985 3727 1101 3802 volun·
