2725 4350
320 532 386 581 220
487 458 954 594 occursura

188 725 191 734 ·
253 682 309 771 59
322 688 492 771 dicanqui
505 681 694 771 diliguntur.
734 688 820 753 Haec
830 690 928 773 igitur
941 691 1122 771 adhibenda·

252 781 304 841 ²³⁸
323 802 368 869 est
387 803 529 885 primum
548 802 583 865 iu
604 799 738 883 jocando
759 803 949 870 moderatio.
1002 807 1121 891 Itaque

321 937 361 981 ea
378 916 531 979 facillime
547 903 724 991 luduntur,
747 936 821 998 quac
840 936 945 1001 neque
962 920 1040 986 odiu
1055 938 1121 983 ma·

277 1003 282 1013 ’
319 1050 400 1113 guo,
422 1046 528 1111 neque
544 1028 755 1092 misericordia
767 1029 906 1094 maxima
919 1031 1019 1114 digua
1037 1032 1119 1098 sunt.

321 1142 541 1219 Quamobrem
559 1143 710 1206 materies
726 1143 831 1206 omnia
847 1142 1064 1210 ridiculorum
1078 1143 1120 1211 est

320 1256 355 1322 in
367 1254 433 1318 istis
445 1254 553 1346 vitiis,
576 1274 650 1337 quae
666 1255 783 1321 suntin
799 1255 866 1320 vita
878 1256 1053 1323 homiuum
1067 1280 1121 1325 ue-

254 1420 256 1426 .
322 1388 388 1453 que
406 1387 573 1445 carorum,
593 1387 698 1450 neque
717 1367 992 1462 calamitosorum,
1017 1391 1121 1455 neque

319 1501 449 1558 eorum,
471 1480 530 1562 qui
544 1481 585 1545 ob
598 1480 724 1545 facinus
735 1483 778 1546 ad
791 1479 981 1565 supplicium
992 1484 1120 1567 rapien-

320 1596 354 1660 di
374 1594 549 1669 videntur3
580 1610 682 1677 eaque
703 1593 788 1660 belle
809 1594 933 1689 agitata
958 1597 1118 1663 ridentur.

250 1705 307 1766 239
319 1706 374 1778 Est
389 1705 489 1776 etiam
508 1706 720 1772 deformitatis
742 1704 777 1772 δι
797 1708 951 1791 corporis*
965 1709 1119 1775 vitiorum

316 1820 392 1889 satis
407 1820 493 1884 bella
506 1820 655 1884 materies
671 1822 710 1884 ad
723 1820 913 1903 jocandum:
935 1821 989 1887 led
1002 1823 1120 1905 quaeri·

318 1953 393 1998 tuus
412 1932 523 2011 idem,
551 1936 638 2015 quod
659 1933 695 1996 iu
720 1934 836 1999 ceterIs
857 1934 955 1999 rebus
978 1936 1119 2001 maxime

319 2049 528 2140 quaerendum
540 2045 595 2125 est,
618 2053 786 2130 quatenus.
808 2048 848 2112 Iu
861 2067 924 2131 quo
937 2066 1004 2112 non
1019 2052 1115 2114 modo

317 2162 397 2226 illud
415 2161 614 2244 praecipitur,
637 2182 677 2224 oe
694 2161 771 2243 quid
787 2160 917 2239 insulse,
940 2160 1116 2239 sedetiam,

318 2274 432 2358 fiquid
449 2275 639 2356 perridicule
651 2271 756 2356 pollis.
796 2274 964 2338 vitandum
983 2255 1029 2339 est
1045 2294 1118 2339 ora·

318 2389 384 2451 tori
396 2396 582 2468 utrumque,
604 2407 645 2450 ne
660 2395 716 2450 aut
731 2385 870 2449 scurrilis
884 2385 973 2468 jocus
989 2385 1041 2465 fit,
1064 2396 1119 2452 aut

317 2501 477 2563 mimicus.
521 2499 607 2575 Quae
620 2499 795 2581 cujusmodi
809 2493 869 2562 lint
877 2545 887 2577 ,
911 2500 1040 2566 facilius
1052 2502 1117 2584 jam

317 2613 545 2695 intelligemus,
569 2613 702 2675 eumad
713 2612 777 2695 ipsa
792 2611 1003 2678 ridiculorum
1020 2635 1118 2697 genc-

307 2746 354 2790 -ra
373 2727 566 2790 venerimus.

250 2857 302 2918 240
383 2838 457 2902 Duo
476 2838 562 2903 enim
583 2837 656 2900 sunt
675 2858 791 2919 genera
807 2837 1014 2917 facetiarum,
1039 2861 1120 2923 quo·

317 2973 391 3016 rum
417 2953 552 3016 alterum
583 2970 617 3013 re
647 2947 816 3029 trastatur,
848 2953 991 3016 alterum.
1017 2951 1118 3019 disto.

318 3066 384 3143 Re,
402 3058 430 3126 'ss
446 3067 570 3147 quando
586 3065 673 3145 quid,
695 3071 848 3146 tanquam
864 3065 972 3145 aliqua
988 3063 1120 3146 fabella,

315 3188 480 3253 narratur,
503 3187 539 3240 ut
553 3178 629 3240 olim
645 3185 700 3253 tu,
725 3176 845 3253 Crasse,
867 3178 900 3239 in
913 3178 1118 3258 Memmium,

208 3364 210 3368 ἱ
316 3287 466 3377 corszediffc
479 3311 546 3352 eum
555 3292 701 3358 lacertum
715 3291 838 3372 Largis,
861 3311 934 3353 cum
948 3289 1028 3354 esset
1039 3312 1116 3355 cum

316 3425 355 3467 eo
372 3385 554 3467 Tarracinae
571 3406 610 3465 de
631 3403 768 3465 amicula
787 3403 920 3466 rixatus.
948 3403 1043 3480 salsa,
1069 3413 1120 3467 at-

314 3526 455 3579 tamena
472 3524 506 3578 te
523 3515 587 3598 ipso
603 3513 678 3577 scita
694 3523 763 3578 tcta
780 3517 930 3579 narratio.
964 3518 1118 3586 addidisti

270 3629 275 3650 '
316 3629 506 3710 clausulam,
534 3635 602 3692 tota
623 3627 797 3694 Tarracina
817 3637 889 3694 tum
912 3629 1063 3696 omuibus
1082 3632 1119 3697 ’au
