2725 4350
536 474 752 544 LIBER
792 480 825 544 Ι.
958 421 962 429 ι
1040 481 1086 564 69

277 653 389 721 modi:
421 646 586 729 Quoniam
606 652 751 741 peperit,
779 670 854 717 cum
874 651 944 718 viro
964 672 1083 721 concu-

276 769 368 837 buit:
390 768 558 832 inventum
570 768 743 849 proferent,
760 786 825 830 non
839 767 1079 850 expolitionem.

274 879 349 948 Nos
359 888 473 946 antem
485 881 525 945 de
540 879 744 960 expolitionis
754 878 897 963 partibus
908 880 1080 963 loquImur.

275 994 371 1061 Nihil
386 994 488 1077 igitur
502 995 542 1057 ad
554 994 636 1057 hanc
651 1011 720 1057 rem
733 994 813 1056 ratio
827 993 883 1057 isla
894 992 1077 1086 pertinebit:
1087 1002 1141 1087 41

273 1118 376 1191 atque
390 1107 451 1196 hac
468 1105 679 1181 distinctione,
702 1106 766 1169 asia
780 1125 919 1189 quoque,
942 1127 1014 1191 quae
1029 1108 1077 1173 vi·
1106 1156 1110 1160 -

271 1223 437 1287 debuntur
451 1218 581 1303 officere
592 1220 669 1283 hnic
681 1218 858 1302 partitioni,
881 1221 1080 1304 propulsabi-

270 1354 367 1429 mua,
389 1330 483 1417 fiqui
500 1341 557 1397 aut
571 1332 792 1397 assumtionem
814 1332 986 1415 aliquando
1004 1334 1078 1401 tolli

266 1445 359 1533 pofl‘e
371 1453 496 1530 putent,
510 1454 568 1511 aut
579 1421 837 1530 propositionem.
863 1446 948 1521 Quae
960 1444 1077 1531 siquid

266 1562 368 1626 habet
386 1559 575 1644 probabile,
597 1567 657 1624 ant
675 1558 887 1625 necessarium
900 1604 919 1637 ,»
940 1568 1074 1644 quoquo
1132 1629 1145 1636 ,

265 1676 369 1740 modo
407 1681 610 1738 commoveat
642 1673 823 1738 auditorem
859 1671 982 1739 necesse
1016 1670 1073 1740 est.

266 1784 406 1865 Quodn
418 1786 518 1866 solum
530 1784 742 1869 spestaretur,
766 1807 803 1849 ac
818 1786 914 1866 nihil,
938 1807 1001 1871 quo
1016 1806 1075 1871 pa·

265 1899 320 1965 no
341 1898 535 1965 trattaretur
555 1899 588 1963 id
595 1945 607 1978 ‚
630 1902 718 1983 quod
737 1900 954 1983 excogitatum
977 1899 1071 1977 esset,
1118 1929 1121 1934 ·

262 2016 423 2079 referreta
445 2032 650 2097 nequaquam
673 2020 799 2078 tantum
823 2015 908 2077 inter
931 2014 1072 2079 summos

262 2135 412 2193 oratores
427 2126 460 2193 δι
475 2119 653 2193 mediocres
668 2124 814 2192 interesse
825 2126 1071 2191 existimaretur.

260 2239 402 2308 Variare
422 2250 531 2305 autem
552 2242 731 2304 oraticnem
757 2221 949 2321 magnopere
974 2259 1065 2326 opor·
1079 2223 1121 2315 7¹6⁴

258 2355 356 2420 tebit.
394 2353 480 2418 Nam
496 2355 645 2418 omnibus
663 2355 697 2415 in
714 2338 810 2416 rebus
829 2351 1001 2416 fimiiitudo
1024 2353 1068 2417 est

257 2469 417 2532 satietatis
437 2476 550 2533 mater.
582 2469 633 2533 'Id
649 2466 722 2531 fieri
734 2466 873 2549 poterit,
896 2463 919 2529 sr
940 2488 1004 2530 non
1026 2465 1067 2529 fi·

257 2584 383 2646 militer
396 2581 520 2665 semper
534 2581 754 2663 ingrediamur
765 2580 799 2642 in
813 2582 1068 2661 argumentatio·
1114 2569 1121 2575 ”

255 2717 346 2760 nem.
386 2695 472 2758 Nam
486 2696 629 2778 prImum
644 2694 791 2758 omasum
807 2695 978 2775 generibus
991 2694 1065 2778 ipsas

255 2810 451 2889 distinguere
463 2808 614 2872 convenit
628 2808 816 2883 orationem,
841 2809 902 2870 hoc
916 2807 970 2885 est,
992 2815 1064 2871 tum

254 2920 445 2986 induitione
460 2923 528 3000 nti,
550 2930 619 2983 tum
636 2921 891 2984 ratiocinatione.
937 2921 1063 2984 Desude

254 3035 290 3098 in
306 3036 373 3117 ipsa
391 3035 670 3117 argumentatione
689 3053 754 3096 non
771 3032 894 3116 semper
912 3053 930 3095 a
946 3052 1064 3116 propo-

254 3147 371 3212 srtione
383 3149 536 3230 inaspere,
560 3169 620 3211 nec
634 3149 754 3230 semper
766 3148 906 3230 quinque
917 3147 1060 3230 partibus

253 3262 361 3336 abuti,
384 3282 490 3345 neque
509 3263 621 3324 eadem
638 3262 763 3323 ratione
784 3260 971 3342 partitiones
1003 3281 1061 3342 ex·

252 3374 376 3455 polire:
399 3374 539 3438 sedtum
556 3376 595 3438 ab
612 3371 802 3436 assumtione
817 3374 957 3454 incipere
971 3373 1059 3451 licet,

252 3494 325 3549 tom
340 3487 380 3551 ab
395 3488 622 3572 approbatione
635 3489 798 3564 alterutra,
821 3494 890 3548 tum
904 3495 1057 3567 utraque,

253 3605 324 3663 tum
342 3600 423 3683 hoc,
444 3611 516 3668 tum
534 3602 589 3669 isso
606 3620 724 3684 genere
746 3602 976 3682 complexionis
995 3601 1053 3675 uti.

808 3714 837 3780 Ε
858 3734 879 3800 a
