2725 4350
293 505 388 608 41⁶2
461 498 960 592 ournvunrrono

307 671 406 754 aio,
418 697 500 766 quoa
522 686 634 740 contra
654 678 760 752 dicat,
789 648 998 761 oomnaratio.
1037 681 1124 764 -Ejus

298 831 300 835 -
324 800 451 867 autem,
474 775 836 873 qui-praemiumoetet,
857 788 993 855 fauisor
1008 797 1124 877 ampti-

322 904 450 980 ficatio,
472 902 506 967 sir
527 923 660 980 eorum,
682 904 738 985 qui
755 883 887 987 praemio
907 900 1014 968 affesti
1032 906 1124 984 sunt,

180 1076 182 1081 .
259 1029 308 1086 115
324 1038 397 1086 eum
413 1016 476 1080 suis
491 1014 585 1092 saeris
603 1017 778 1080 contentio.
822 1017 946 1081 Deinde
963 1026 1124 1083 oeterooa

322 1131 451 1196 uirtutis
471 1128 573 1192 studio
592 1129 752 1211 repulsum
775 1129 830 1205 iri,
863 1127 887 1191 s1
907 1130 971 1213 spse
987 1109 1124 1214 praomio

306 1260 387 1309 non
401 1240 439 1306 fit
453 1239 599 1306 affertos.
650 1240 831 1306 Facultates
850 1251 957 1306 autem
979 1243 1125 1323 conside-

320 1330 448 1431 rantur,
472 1375 547 1417 oum
570 1354 700 1435 aliquod
722 1355 930 1437 pecuniarum
949 1359 1122 1439 praemium

266 1519 270 1528 .
321 1470 517 1555 postulatur:
539 1467 574 1529 in
591 1486 658 1549 quo
674 1477 782 1531 utrum
798 1470 890 1551 copia
904 1467 942 1530 fit
954 1470 1041 1551 agri,
1064 1493 1122 1536 ve·

306 1581 506 1665 ‘stigalium‚
529 1580 693 1663 pecuniae,
718 1557 758 1646 au
772 1580 922 1662 penuria,
944 1561 1121 1651 oonsrdera·

320 1705 385 1762 tur.
409 1691 487 1758 Loci
495 1712 695 1769 communes,
718 1692 896 1758 Facultates
910 1712 1038 1776 augere,
1054 1715 1119 1761 non

322 1811 469 1877 minuere
484 1814 654 1886 oportere,
676 1806 949 1889 &impudentem
967 1806 1049 1884 esse,
1062 1809 1122 1893 qui

321 1942 379 2007 pro
395 1915 553 1986 beneficio
568 1938 632 1992 uon
645 1919 791 2000 gratiam,
815 1941 926 1985 vorum
938 1923 1121 1989 mercedem

319 2034 472 2119 postulet:
489 2040 716 2101 contraautem
729 2034 768 2096 de
780 2033 914 2115 pecunia
923 2025 1122 2111 ratiocinari,

272 2161 276 2181 ³
320 2126 478 2215 sordidum
492 2143 572 2222 esse,
594 2164 670 2209 curn
686 2146 726 2209 de
741 2146 843 2236 gratia
856 2147 1022 2211 reserenda
1039 2144 1122 2212 deii·

319 2262 467 2336 beretur3
489 2258 523 2322 &
537 2259 567 2321 se
580 2277 644 2321 noo
656 2259 796 2340 pretium
808 2278 865 2340 pro
879 2257 975 2336 sesto,
998 2260 1050 2323 sed
1060 2259 1121 2325 ho·

320 2357 431 2446 uorem
454 2369 519 2452 [ita
539 2379 576 2435 ut
597 2369 779 2435 sattitatum
801 2369 855 2456 fit]
879 2391 936 2454 pro
960 2373 1119 2439 beneficio

317 2487 489 2572 postulare.
537 2486 589 2546 Ao
615 2486 654 2548 de
678 2483 956 2548 constitutionibus
985 2487 1119 2568 quidem

303 2601 393 2692 ‘satis
414 2597 533 2661 ditium
550 2597 614 2660 est:
636 2616 724 2660 nuno
745 2591 786 2661 rie
812 2598 851 2660 iio
874 2597 1122 2678 controversis,

319 2732 392 2796 quae
411 2710 571 2793 inscripto
588 2709 768 2786 versantur,
792 2711 961 2779 dicendum
977 2713 1118 2780 videtur.

192 2827 194 2830 ’
250 2838 306 2924 40
382 2825 422 2888 In
441 2823 553 2905 scripto
577 2823 720 2887 versatur
733 2823 963 2899 controversia,
986 2845 1119 2892 cum-ex

251 2927 301 2979 ¹¹⁶
316 2936 494 3020 scriptionis
512 2936 634 2999 ratione
649 2935 771 3017 aliquid
787 2936 877 2999 dubii
890 2937 1038 3003 nascitur.
1075 2939 1118 3005 ld

314 3051 353 3116 fit
372 3071 411 3116 ex
428 3048 599 3129 ambiguo,
622 3070 662 3112 ex
681 3046 848 3131 scripto&
872 3049 1042 3127 sententia,
1072 3071 1116 3115 ea

314 3163 482 3228 contrariis
500 3164 641 3242 legibus,
663 3182 704 3225 ex
721 3161 979 3237 ratiocinatione,
1002 3183 1043 3227 ex
1057 3165 1115 3229 do·

241 3364 243 3367 ¹
312 3277 469 3343 finitione.
514 3276 563 3355 En
582 3253 732 3355 ambiguo
754 3284 862 3338 autem
879 3275 1017 3338 nascitur
1035 3295 1124 3341 con··

310 3387 478 3466 troverfia,
502 3409 575 3452 curn
590 3389 667 3469 quid
687 3386 811 3451 senserit
827 3387 976 3472 scriptor,
1001 3387 1123 3454 obsco·-

312 3522 384 3568 rum
399 3501 460 3579 est,
482 3506 566 3584 quod
582 3500 730 3582 scriptum
746 3503 829 3564 duas,
842 3502 983 3583 pluresve
1001 3522 1053 3566 res
1073 3499 1126 3564 srm

309 3614 440 3705 gnificat
453 3659 465 3692 ,
497 3616 539 3678 ad
568 3613 654 3678 huuc
677 3615 829 3688 modurn:
860 3614 1132 3695 Paterfamilias,
