2725 4350
364 542 427 628 19⁶
533 539 603 607 DE
633 535 1000 610 INVENTIONE

362 715 437 781 stria
450 721 672 798 recuperetur,
696 715 924 780 incolumitatis
938 714 1021 778 ratio
1040 715 1165 782 'videbi-

340 838 416 922 jtnr
429 830 593 893 habenda:
616 847 689 890 curn
704 836 811 892 autern
825 830 857 892 id
871 849 937 891 non
950 829 1080 911 poterit,
1102 831 1162 894 ho-

364 942 504 1005 nestatis.
554 941 606 1003 Ita
624 940 659 1002 in
677 940 828 1021 ejusmodi
847 959 976 1023 quoque
998 961 1056 1017 re,
1086 962 1160 1007 curn

361 1053 575 1117 incolumitati
591 1053 771 1117 videbimur
784 1053 958 1129 consulere,
981 1074 1057 1118 vere
1069 1064 1162 1137 pote·

363 1168 463 1229 rimus
479 1167 603 1242 dicere,
625 1185 690 1229 noe
699 1165 871 1227 honestatis
889 1167 1046 1231 rationem
1062 1168 1160 1232 habe·

351 1299 427 1353 re,
463 1278 614 1361 qnoniam
635 1276 701 1341 fine
722 1278 946 1342 incolumitate
970 1297 1041 1341 earn
1068 1282 1157 1345 nullo

362 1392 508 1474 tempore
524 1390 688 1474 possumus
710 1390 849 1474 adipisci.
901 1392 976 1467 Qua
997 1390 1032 1454 in
1052 1411 1087 1457 re
1108 1394 1157 1457 vel

287 1503 296 1550 ἵ
364 1507 539 1569 concedere
554 1504 657 1579 alteri,
680 1503 733 1568 vel
743 1505 783 1567 ad
794 1505 1010 1570 conditionem
1025 1506 1157 1568 alteriue

284 1635 293 1697 j
361 1618 560 1692 descendere,
583 1615 679 1679 velin
695 1616 860 1698 praesentia
875 1619 1044 1701 quiescere,
1063 1627 1157 1701 atque

295 1746 345 1805 173
362 1728 451 1794 aliud
464 1737 590 1813 ternpus
604 1728 784 1811 exspectare
803 1731 971 1813 oportebit.
1015 1732 1056 1798 In
1072 1752 1160 1795 com·

361 1842 528 1912 meditatis
544 1862 621 1906 vero
636 1843 777 1918 ratione,
800 1845 896 1906 modo
914 1844 995 1907 illud
1015 1846 1159 1909 attenda-

266 1951 268 1956 ’
349 1962 434 2032 tur,
456 1955 592 2037 dignane
609 1954 700 2018 causa
715 1956 862 2019 videatur
877 1974 934 2032 ea,
958 1976 1030 2038 quoe
1044 1958 1084 2021 ad
1096 1956 1159 2021 uti-

360 2063 485 2132 litatem
498 2068 688 2150 pertinebit,
712 2086 812 2150 quare
827 2077 885 2133 out
899 2071 938 2133 de
952 2068 1159 2152 magnificen-

360 2184 426 2259 tia,
457 2191 516 2246 ant
539 2183 579 2246 de
602 2181 768 2246 honestate
795 2180 946 2266 quiddam
977 2187 1158 2265 derogetur.

287 2284 295 2343 .'
361 2296 470 2379 Atque
492 2295 526 2359 in
547 2297 609 2360 hoc
631 2297 703 2360 loco
723 2295 801 2358 mihi
824 2304 922 2379 caput
938 2298 1017 2360 illud
1036 2298 1161 2360 videtur

362 2409 445 2485 esse,
468 2417 508 2472 nt
527 2409 830 2492 quaeramus,‘quid
849 2407 887 2470 fit
907 2410 1004 2482 iliud,
1028 2396 1112 2487 quod
1138 2405 1161 2469 li

351 2510 500 2607 adipisci,
523 2516 580 2583 adt
593 2518 733 2598 effugere
748 2519 894 2591 velimus,
916 2519 1023 2600 aliqua
1035 2522 1085 2577 r'es
1102 2539 1164 2580 no·
1187 2501 1190 2506 ⁵

254 2662 256 2667 ⁸
306 2636 309 2642 '
359 2611 1163 2709 ttsfitnecetsaria,nonest.quaet1radjunttio,

288 2755 293 2767 '
311 2795 313 2799 .
331 2739 334 2745 '
359 2749 397 2804 ut
411 2740 560 2823 proinde,
583 2741 631 2803 uti
646 2735 782 2822 quaeque
795 2758 846 2802 res
862 2740 939 2815 erit,
963 2740 1160 2821 laboremus,

360 2851 394 2916 dr
416 2848 627 2933 gravissimam
650 2870 815 2933 quamque
840 2852 967 2917 causam
987 2854 1161 2920 vehemen-

356 2962 473 3029 tiliime
485 2958 688 3028 ndceisariam
702 2962 895 3046 judicemus.

289 3085 360 3150 176'
422 3074 562 3141 Arenio
578 3078 623 3143 est
638 3079 788 3161 quaedam
800 3100 847 3141 -ex
865 3089 1027 3162 tempore,
1049 3087 1108 3144 aut
1119 3102 1159 3146 ex

268 3196 270 3200 ’
358 3192 562 3272 negotiorum
579 3200 699 3256 eventu
720 3193 1082 3268 autadministrotioue,
1104 3201 1160 3257 aut

357 3307 525 3369 hominurn
540 3303 662 3391 studio,
679 3307 889 3367 commutatio
904 3326 1021 3379 rerum,
1045 3312 1160 3371 utnon
1199 3362 1202 3369 .

358 3420 457 3494 tales,
481 3418 594 3499 quales
609 3428 684 3479 ante
702 3417 820 3479 habiroe
841 3415 917 3492 fior,
941 3426 997 3479 aut
1018 3419 1160 3498 plerum·
1200 3428 1202 3433 '

350 3550 422 3613 que
435 3530 545 3593 haberi
564 3528 701 3602 soleant,
724 3530 879 3592 habenda}
897 3531 1064 3593 videantur
1079 3528 1159 3595 esser

190 3701 194 3709 .
229 3622 253 3677 ³,
307 3721 311 3729 Ι
358 3651 414 3720 ut,
437 3629 597 3707 ad”·hdstee
615 3638 747 3706 transire
766 3651 860 3724 turpe
875 3640 1002 3708 videtur
1022 3641 1104 3722 effe3
1126 3648 1160 3706 at
